3106 4910
295 397 359 463 972
662 413 694 461 o.
719 411 838 460 rnrnu
864 411 1031 462 sncnunr

295 556 427 621 Arabes
443 555 612 619 Scenitae.⁸
654 555 709 618 lta
722 555 821 619 fertur
850 575 963 638 usque,
977 553 1102 620 Uram‘
1124 555 1247 633 locum,
1268 555 1303 619 in
1326 575 1394 638 qno

295 676 471 724 conversus
488 655 702 720 adorientem
719 656 879 738 relinquit
890 657 998 738 Syriae
1011 655 1398 740 Palmyreuassolitudi-

294 779 363 834 nes,
375 779 451 841 qua.
467 777 572 840 usque
588 757 629 820 ad
647 757 783 822 Petram
799 759 925 834 urbem,
948 766 982 822 et
1006 759 1176 841 regionem
1192 757 1333 823 Arabiae
1349 757 1397 822 t'e-

294 861 370 926 licis
386 860 582 942 appellatae,
598 859 771 942 pertinent.

338 962 466 1045 (xxv.)
490 960 647 1042 Palmyra
659 969 673 994 ¹¹
688 961 765 1023 urbs
779 959 904 1024 nobilis
919 961 999 1038 situ,
1016 959 1144 1026 divitiis
1159 963 1233 1037 soli,
1247 969 1280 1026 et
1294 963 1397 1045 aquis

297 1063 451 1138 amoeniS,
472 1068 568 1126 vasto
590 1061 735 1144 undique
758 1063 906 1131 ambitu⁵
930 1063 1039 1126 arenis
1061 1064 1204 1128 includit
1218 1084 1327 1145 agros,
1351 1082 1397 1127 ac

298 1166 389 1230 velut
402 1165 496 1230 terris
509 1171 644 1228 exemia
658 1182 797 1228 ererum
813 1171 945 1240 natura,
957 1165 1088 1247 privata
1104 1175 1216 1230 sortev
1232 1165 1395 1230 interduo

295 1265 435 1348 imperia
458 1285 598 1340 summa,
621 1264 849 1330 Romanorum
872 1265 1152 1349 Parthorumque,
1175 1273 1209 1330 et
1229 1267 1338 1348 prima
1358 1266 1397 1328 in

296 1367 464 1432 discordia
475 1387 606 1450 semper
620 1369 783 1448 utrimque
797 1385 888 1429 cura.
932 1364 1044 1430 Abest
1066 1387 1087 1430 a
1109 1368 1293 1431 Seleucia'
1311 1367 1397 1430 Par·

297 1469 435 1544 thorum,
451 1488 527 1552 quae
543 1475 682 1532 vocatur
697 1466 741 1530 ad
756 1465 884 1548 Tigrin,
910 1465 1155 1530 ocoxxxvrr.⁶
1170 1477 1183 1504 ¹
1207 1467 1292 1531 mill.
1315 1486 1396 1550 pas·

297 1589 413 1634 suum:
436 1571 622 1654 aproximo
636 1588 715 1634 vero
732 1570 838 1651 Syriae
850 1568 974 1647 littore,
991 1577 1110 1636 conr.⁷
1133 1569 1302 1634 millibus:
1327 1575 1360 1632 et
1375 1587 1398 1631 a

298 1669 470 1736 Damasco
486 1673 601 1753 viginti
617 1677 747 1755 septem
763 1671 929 1754 propius.y

757 1852 936 1873 ”manuve

297 1967 350 2002 rem
365 1952 450 2002 ciritae
466 1953 606 2016 incipit—5
623 1953 667 2002 Ite
685 1967 718 2002 ex
736 1953 813 2004 eodd.
830 1954 933 2002 emend.
950 1953 1109 2008 Herdonius,
1126 1967 1235 2017 eumque
1255 1953 1338 2002 secuti
1355 1969 1398 2002 re·

297 2027 377 2068 centt.
393 2024 459 2066 oratu
470 2017 569 2080 undique
585 2018 676 2066 onrbitrr
688 2025 750 2067 vett.
764 2018 823 2067 edd.
840 2025 868 2068 et
878 2019 996 2068 Gronov.
1023 2019 1097 2082 Mox,
1108 2018 1234 2066 torremur
1252 2033 1299 2080 pro
1316 2020 1396 2068 merie

297 2097 387 2142 mergo
405 2079 464 2130 edd.
486 2082 578 2131 Dalec.
589 2092 616 2131 et
635 2083 800 2134 Granum-tt
818 2083 859 2132 Ite
879 2081 954 2131 codd.
975 2083 1070 2132 Delec.
1090 2089 1115 2128 et
1134 2080 1219 2132 chiffl.
1240 2082 1337 2146 auique
1352 2097 1397 2147 ap.

298 2146 426 2196 Hordnin.
445 2161 502 2194 oum
523 2147 582 2195 edd.
603 2147 732 2196 Herduin.
751 2151 812 2196 m.
832 2155 860 2196 et
876 2149 971 2196 Miller.
991 2147 1147 2196 CCCXXX
1151 2147 1223 2194 V111.
1241 2147 1348 2206 Bipont.
1369 2157 1398 2196 et

297 2212 388 2260 Franz.
405 2211 583 2261 DXXXVH.
595 2211 654 2260 edd.
667 2218 732 2260 vett.
743 2220 769 2259 et
788 2211 952 2261 Gronau-t
970 2211 1014 2260 lta
1026 2211 1101 2261 codd.
1121 2211 1251 2261 linteae!
1265 2211 1394 2260 llerdnio.

297 2290 355 2325 eom
371 2275 430 2326 edd·
447 2275 575 2325 Hardutn.
596 2282 617 2325 1.
628 2281 652 2325 2.
664 2280 688 2324 a.
708 2276 803 2325 Miller.
822 2277 930 2340 Bipont.
951 2285 979 2326 et
999 2277 1089 2325 Frena.
1103 2275 1209 2324 coen.
1223 2277 1272 2330 vel.
1289 2278 1400 2326 ἀιιιαιιίι

795 2441 901 2492 NOTAE

298 2557 389 2600 tortor
405 2559 445 2600 ert
457 2552 542 2602 strab.
555 2553 600 2602 lib.
613 2566 673 2602 xvi.
685 2567 711 2617 p.
721 2557 778 2603 147.
866 2553 940 2603 ducti
958 2559 1121 2617 argumento,
1137 2550 1206 2615 qnod
1222 2550 1363 2601 Pnimirenr
1381 2565 1398 2599 ι

328 2627 514 2692 'Amphipolid
543 2629 565 2677 E
596 2629 723 2693 'lhapeaei
746 2629 825 2680 ruinis
865 2631 999 2680 Salomone
1011 2627 1398 2678 aedifieatnm‘interreeolitn-

297 2704 420 2764 excitate,
436 2703 468 2751 ed
487 2705 653 2767 Euphratem,
674 2720 688 2753 a
706 2707 825 2755 Seleuco.
866 2703 949 2765 dioir,’
969 2705 1007 2755 nti
1033 2705 1130 2754 dieitur
1150 2717 1196 2753 ιιι.
1216 2705 1280 2768 Ress.
1298 2718 1337 2753 rx.
1356 2707 1398 2752 18.

297 2778 430 2842 Indigenae
443 2780 557 2829 Turoredo
569 2779 746 2843 appellebant.
765 2781 823 2830 διε·
866 2797 923 2846 qnae
932 2782 957 2830 in
970 2781 1084 2832 Hehraeo
1098 2781 1201 2830 'l'lrornor
1212 2788 1285 2843 ert,e
1297 2781 1397 2844 palme-

297 2855 395 2918 plrrnnr
418 2854 507 2916 verbo,
530 2853 679 2917 Ἀμφίπολις·
700 2853 771 2904 Ἔστι
787 2853 825 2904 καὶ
862 2853 950 2908 ‘torum
963 2859 1048 2922 copia,
1066 2859 1148 2920 ipram
1166 2857 1232 2906 herro
1245 2871 1304 2906 erre
1317 2857 1397 2906 Plinii

296 2928 367 2978 πόλις
377 2927 470 2993 Συρίας,
482 2929 539 2992 πρὸς
548 2933 583 2992 τῷ
600 2929 719 2994 Εὐφράτῃ,
737 2930 826 2992 κτίσμα
866 2934 1006 2982 Palmirem
1028 2931 1148 2982 arbitrati
1167 2939 1237 2987 erint,
1256 2941 1351 2995 magno
1368 2941 1398 2981 et

297 3005 422 3056 Σελεύκου.
440 3010 553 3056 Romaim
572 3005 597 3056 rt
621 3007 666 3056 riri
680 3010 728 3056 τῶν
747 3007 827 3072 Σύρων
865 3007 1000 3058 manifesto
1019 3009 1174 3071 arrotanti
1193 3008 1258 3056 elles
1279 3007 1398 3055 ostendi·

296 3079 421 3142 roperta.
866 3099 931 3143 nius,
942 3084 968 3132 iu
980 3083 1196 3145 interpretatione
1213 3083 1311 3132 nrrmmi
1332 3084 1398 3132 enti·

328 3157 434 3206 'Aratea
442 3155 554 3220 Sceritoe]
566 3158 825 3222 Palmyrenerumro-
866 3163 909 3225 qut
921 3159 1044 3210 Zenobiae
1057 3161 1188 3223 Anguite-
1211 3159 1346 3208 Pateor·
1355 3173 1412 3218 ro·-

296 3232 432 3282 litndinnm
442 3231 528 3280 vicini.
547 3232 586 3281 'De
596 3233 633 3282 hl·
642 3233 757 3284 dicemur
766 3235 825 3284 uhe·
867 3245 929 3300 tem,
940 3251 990 3286 non
1003 3237 1150 3300 Palmyram,
1158 3233 1282 3283 exhibent
1293 3234 1400 3283 codieer

297 3311 359 3366 rior,
370 3309 437 3358 libro
449 3317 584 3372 sequente,
595 3325 653 3374 erp.
663 3315 703 3362 31.
867 3313 979 3362 Pliniaui
998 3313 1063 3360 Μιι.
1093 3318 1119 3360 et
1136 3317 1247 3359 vetustte
1268 3310 1399 3360 editiones

328 3387 336 3418 ²
356 3383 443 3447 Uram]
459 3385 536 3447 Σιῦρα
546 3387 626 3436 latere
636 3387 718 3452 Syriae
730 3389 762 3438 ad
776 3389 826 3438 Eu·
867 3404 973 3440 ornncrr
993 3387 1080 3438 Greci
1096 3385 1225 3449 Πάλμυραν
1244 3396 1398 3437 constanter

297 3461 415 3530 piperem
435 3460 545 3524 positum
564 3461 731 3525 Palmyrenes
751 3465 827 3526 oppi·
866 3465 990 3513 scribunt.
1024 3461 1398 3513 Plinieniecodioibueoutlrn·

297 3537 366 3592 dom,
379 3543 446 3586 terte
459 3535 568 3587 Ptolem.
580 3550 606 3586 v.
619 3542 657 3588 lo.
691 3540 760 3588 Vide
771 3541 824 3591 No·
864 3554 942 3604 gutur
951 3542 1064 3604 Vulgata
1075 3541 1163 3596 editio,
1182 3553 1240 3602 qne
1260 3539 1397 3590 civitatem

298 3619 339 3660 tre
351 3619 378 3659 et
390 3609 497 3661 Emend.
509 3628 577 3662 oum.
596 3618 636 3663 at.
654 3614 747 3680 quibua
758 3616 824 3665 adda
866 3616 891 3664 io
903 3615 996 3668 luder
1008 3617 1066 3666 huie
1078 3615 1266 3678 cognominem,
1282 3625 1314 3665 nt
1326 3616 1397 3664 ride·

297 3702 328 3736 οι
340 3701 397 3751 quae
409 3702 467 3736 mox
477 3687 589 3738 reddituri
601 3706 696 3747 ιιιιιιιιι,
707 3707 763 3742 cum
776 3694 824 3742 Su·
866 3700 918 3757 tur,
928 3694 1061 3743 Polmt'rour
1069 3691 1170 3755 scribit,
1180 3707 1231 3742 non
1241 3693 1397 3757 Palmyra*

296 3781 350 3815 rem
362 3765 455 3814 iterum
465 3765 564 3814 Plinius
575 3769 728 3830 appellabit·
864 3768 975 3818 Edrer.

327 3841 479 3905 ΙΡιιὶιιιμιιι]
494 3842 597 3891 Nomen
609 3857 624 3890 a
636 3843 824 3908 palmirlrahet,
896 3853 908 3876 ¹
924 3847 1029 3894 Pricotn
1046 3844 1122 3907 one]
1134 3845 1178 3894 Sol
1194 3844 1271 3908 juria,
1282 3858 1332 3896 nee
1345 3847 1396 3896 ffl-

296 3919 388 3984 qulbnr
400 3918 481 3967 omnir
490 3931 551 3978 eger
561 3925 602 3966 ert
611 3920 735 3970 couritur.
770 3920 824 3969 llo·
864 3923 945 3970 manis
956 3922 1084 3984 rribjeete,
1099 3935 1147 3970 nec
1159 3921 1258 3970 Perrtr.

296 3996 338 4046 die
358 3997 552 4046 Theudemor.-‘
564 3995 641 4045 Nune
668 3997 764 4046 rudere
783 4013 823 4048 eu·
897 4004 912 4028 ⁸
929 3997 1048 4060 Seleucia]
1065 3995 1192 4048 Σελεύκεια
1205 3996 1243 4046 et
1254 3997 1396 4060 raeiri-m-

296 4083 412 4134 perrunt,
434 4087 534 4135 magne
553 4072 613 4121 olim
630 4072 700 4122 urbia
720 4074 824 4136 indicia,
864 4090 905 4122 ror
925 4073 1046 4136 Appiano
1065 4075 1091 4122 in
1113 4073 1240 4137 Syriacis,
1259 4088 1320 4137 pag.
1340 4079 1396 4124 125.

296 4151 327 4193 nt
339 4144 453 4195 referunt
470 4147 497 4201 ii,
515 4162 621 4210 quornm
643 4155 728 4198 tomen
744 4150 822 4197 nolim
867 4151 907 4200 De
919 4164 950 4198 ea
963 4151 1044 4197 merite
1054 4148 1173 4208 dicende,
1187 4163 1224 4198 vr.
1234 4153 1274 4198 8⁰.

296 4216 517 4280 lidemprrertore.
543 4221 654 4272 Quidam
667 4223 822 4273 Tiomorlro·
896 4223 1398 4286 ¹cooXXXV1t.]1uR.r.a.cotb.

296 4294 340 4343 die
359 4297 486 4358 oppetieri
508 4305 667 4360 asseverant,
695 4299 744 4347 troo
771 4315 823 4348 uno
867 4295 1396 4350 1.e.1‘aris.cmffl.n0nnxn'xvrt.
