3140 4926
274 299 339 364 632
639 312 671 358 c.
696 309 816 358 ιιιιιιι
841 308 1004 356 ssuusnr

275 459 399 522 ciuium
422 455 661 530 Romanorum,
686 461 718 518 et
741 453 945 518 Norenses.u
989 450 1134 515 Colonia
1157 454 1268 515 autern
1292 469 1373 527 nna,

275 578 351 640 quae
375 563 511 620 vocatur
536 553 592 618 Ad
613 556 751 620 turrimv
782 554 973 636 Libysonis.
1017 551 1202 616 Sardiniam
1215 558 1233 584 '
1258 552 1371 634 ipsam

273 658 422 721 Timaeus
436 654 648 719 Sandaliotin
659 664 673 690 ¹
688 655 871 738 appellavit
892 655 936 720 ab
951 653 1057 735 effigie
1072 652 1187 729 solem,
1205 653 1372 735 Myrsilus

274 757 450 822 Ichnusam
466 777 487 820 a
499 755 714 819 similitudine
729 755 870 838 vestigii.
909 753 1032 819 Contra
1047 754 1241 818 Paestanum
1257 755 1370 816 sinum

274 858 468 922 Leucesial
497 861 558 930 est,
589 875 610 919 a
640 857 751 920 Sirene
782 857 830 920 ibi
860 856 991 938 sepulta
1020 855 1199 939 appellata.
1241 853 1371 918 Contra

273 957 743 1036 Veliam,Pontia,etlsoia,¹¹
760 963 907 1040 utraeque
918 956 1369 1035 unonomineOEnotrides3¹

274 1067 502 1143 argumentum
514 1077 682 1142 possessae
698 1061 740 1122 ab
756 1057 941 1122 OEnotriis·
958 1057 1078 1122 Italiae.
1123 1057 1247 1121 Contra
1258 1055 1369 1120 Vibo-

272 1182 347 1227 nem
359 1179 486 1244 parvae,
497 1178 575 1242 quae
586 1167 749 1223 vocantur
759 1155 969 1232 Ithacesiae,¹>
982 1157 1026 1223 ab
1037 1156 1174 1239 Ulyssis
1188 1156 1367 1240 specula.¹²

318 1280 400 1326 xlv.
421 1261 538 1344 (vrrr.)
560 1259 687 1323 Verum
709 1266 785 1324 ante
799 1278 914 1324 omnes
928 1259 1074 1323 claritate
1090 1259 1216 1336 Sicilia,
1232 1257 1369 1322 Sicania

273 1383 294 1426 a
307 1361 503 1444 Thucydide
513 1369 522 1398 ¹
534 1369 545 1395 ⁰
560 1361 665 1440 dicta,
676 1359 872 1426 Trinacria‘*
886 1382 909 1425 a
919 1361 1080 1445 pluribus,
1092 1367 1153 1425 aut
1162 1359 1367 1442 'Triquetra‘

271 1611 301 1656 ll
320 1605 399 1657 lsaais
410 1620 497 1668 margo
508 1605 567 1655 edd.
580 1607 672 1655 Dalec.
683 1613 710 1656 et
721 1606 836 1656 Gronov.
847 1607 1026 1670 Monstraque
1037 1621 1082 1656 aaa
1093 1607 1184 1655 uomina
1195 1607 1256 1655 Vet.
1270 1605 1368 1655 Deles.

271 1674 336 1718 -12
357 1671 451 1734 Ulyssis
459 1671 590 1732 spectacula
601 1671 687 1720 Talei.
696 1671 726 1720 od
741 1671 834 1735 Ulyssis
843 1673 972 1734 antelmio
979 1669 1063 1721 cuim.
1073 1679 1101 1720 et
1112 1671 1172 1720 Vel.
1185 1670 1276 1720 Doleo.
1284 1671 1313 1718 ab
1321 1670 1367 1720 de·

271 1743 311 1782 est
322 1734 414 1783 iuedd.
428 1742 492 1784 vett.
505 1744 531 1782 st
543 1734 657 1785 Gronov.

305 1797 372 1847 Car.
391 1811 449 1846 ιιιι.
477 1803 489 1846 1
509 1798 552 1847 lta
570 1799 618 1847 Ed.
637 1814 675 1861 pr.
691 1806 718 1848 et
730 1797 790 1847 Vet.
808 1798 900 1848 Dalac.
912 1799 1043 1862 Thucydidi
1055 1798 1132 1847 tertio
1143 1811 1204 1847 essu
1217 1796 1276 1846 ard.
1288 1798 1364 1848 lunt.

272 1861 353 1911 Basil.
364 1861 447 1926 Logd.
460 1863 571 1925 Erasmi,
583 1863 673 1913 Doleo.
685 1862 767 1926 nugo.
779 1865 851 1911 loeo.
863 1863 917 1912 Els.
929 1863 1045 1912 Gronov.
1057 1862 1184 1912 Hsrduiu.
1197 1867 1221 1912 1.
1231 1866 1256 1911 2.
1268 1865 1291 1912 2.
1303 1862 1366 1912 Mil·

762 2024 870 2075 ΝΟΜ

302 2126 313 2150 ·
329 2121 455 2185 Boream]
473 2125 544 2174 Birra
555 2123 621 2172 inter
632 2121 729 2185 oppida
741 2121 798 2170 Sar·
867 2129 881 2156 ¹
892 2121 1056 2186 Susdsliotis]
1068 2123 1263 2184 sarmatae
1273 2121 1366 2182 Ἰχνοῦ·

271 2195 349 2244 diniae
372 2197 572 2258 mediterranea,
593 2197 662 2261 apud
686 2196 798 2247 Ptolem.
836 2213 889 2244 aar.
923 2197 1087 2258 Claudianus,
1107 2197 1140 2246 de
1162 2197 1230 2246 bello
1257 2197 1365 2247 Gildon.

270 2271 320 2320 loo.
332 2271 378 2320 cit.
391 2287 483 2321 nornen
497 2273 602 2322 retinet.
835 2272 978 2322 ‘Humanae
989 2273 1100 2335 speeiem
1113 2272 1209 2335 plautas
1217 2273 1318 2322 sinuosa
1333 2271 1364 2321 fi-

300 2349 309 2381 ⁸
333 2347 481 2410 Carulitosi]
510 2347 610 2398 Quibm
633 2348 678 2410 jos
705 2349 799 2399 civium
837 2355 913 2410 gurm
925 2346 1184 2396 lnsnlazsardiniam
1196 2354 1299 2397 veteres
1308 2347 1365 2396 dix·

272 2423 380 2472 Roman.
400 2437 559 2472 concessum.
598 2424 658 2472 Sive
677 2425 800 2488 Caralim,
838 2435 881 2470 are
910 2421 1012 2471 coloni.'
1053 2421 1119 2471 Vide
1147 2422 1224 2471 etism
1249 2422 1364 2473 Pansan.

269 2513 314 2546 seu
327 2498 440 2548 Calsrim'
449 2499 530 2561 legas,
541 2499 647 2562 perinde
657 2511 706 2549 ast.
728 2501 801 2551 Mela
838 2495 945 2545 Phoclc·
957 2495 1002 2544 llb-
1014 2509 1041 2545 ¹·
1054 2499 1145 2560 2688·
1209 2523 1213 2532 ,

268 2586 300 2621 ιι.
312 2577 337 2622 i.
361 2573 513 2622 ‘Sardiniae
531 2574 631 2624 urbium
654 2576 799 2640 antiquissi-
869 2570 1021 2635 lidum]
1047 2570 1123 2634 Apud
1142 2569 1297 2621 Strabonem
1318 2571 1364 2623 lib.

269 2649 599 2709 mss,CaralisetSulol1i.'
633 2652 719 2701 Livius
737 2652 797 2702 ‘ur·
839 2650 985 2710 lup-128·
1016 2645 1145 2696 Λευκασίατ
1163 2647 1364 2709 tlflaepimtlrv·

269 2723 327 2773 bem
349 2723 471 2774 carales’
491 2733 579 2786 vocas,
605 2726 650 2776 lib.
668 2739 753 2777 xxm.
772 2743 798 2792 p.
838 2720 920 2784 mla,
940 2730 969 2770 ut
984 2723 1130 2785 stephanus
1149 2722 1240 2772 habat:
1258 2728 1286 2772 et
1304 2738 1363 2773 sne-

268 2801 327 2847 222.
362 2799 464 2861 Florus,
485 2811 516 2848 ιι.
534 2805 558 2849 o.
576 2800 682 2851 ‘urbem
700 2802 799 2852 urbium
839 2804 879 2846 tor
891 2796 950 2846 libri
961 2796 1184 2848 Mirsb.Ausenlt.
1195 2801 1300 2861 utillo.
1312 2813 1364 2863 quo

268 2872 391 2935 Caralio,’
408 2874 468 2938 quia
478 2875 534 2938 jam
546 2886 611 2938 tum,
623 2885 651 2926 ut
662 2878 799 2943 hodieque,
838 2875 940 2924 nomine
950 2875 1057 2925 Sirenen
1069 2875 1146 2924 eliam
1159 2889 1213 2923 esse
1224 2875 1363 2925 vocitatam

267 2948 418 3012 ruelropolis
441 2950 530 2999 insulae
552 2950 617 3000 init:
643 2953 733 3004 ineolis
753 2953 800 3002 Cu·
837 2949 958 3012 diximus,
978 2965 1035 3014 esp.
1053 2956 1078 3001 2.
1121 2950 1209 3000 Hodie
1228 2951 1252 2999 la
1270 2951 1364 3014 ϋωαι,

269 3023 354 3084 glinrt.
837 3033 912 3088 petra
924 3024 1094 3091 seriusquam
1104 3026 1197 3076 lusuls.
1220 3026 1363 3077 AbAEneoe

299 3105 311 3130 ¹¹
332 3096 459 3160 Norenses]
473 3097 611 3156 Antoniou,
624 3099 705 3151 Nora.
730 3104 799 3164 Νόρα
837 3101 990 3151 consobrina
1017 3101 1052 3151 ibi
1078 3099 1211 3162 defuncta,
1232 3100 1363 3150 Λευκασίαν

267 3171 421 3233 Ptolemaeo,
433 3173 591 3223 meridionali
605 3175 695 3225 insula
707 3176 797 3227 latere.
836 3177 992 3226 nominatam
1003 3175 1094 3226 scribit
1102 3176 1209 3240 Dionys.
1220 3175 1306 3227 Helie.
1315 3176 1362 3225 lib.

268 3247 356 3297 Hodie
374 3247 448 3296 Nori.
836 3265 856 3300 ι.
873 3255 950 3314 old.

299 3330 310 3356 '
326 3325 367 3373 Ad
384 3322 482 3386 turrim]
504 3323 581 3375 Nunc
595 3325 668 3374 Parta
679 3327 704 3376 di
717 3329 797 3381 Tarra.
866 3335 877 3360 ¹
895 3327 1044 3390 OEsotrides]
1060 3323 1195 3390 Oirsrrpitrs
1206 3326 1272 3384 νῆσοι
1289 3327 1362 3376 Stra·

268 3399 301 3449 ln
323 3401 423 3450 Neritis
442 3400 564 3465 Episcop.
581 3403 648 3465 apud
664 3405 796 3455 Victuram
834 3402 902 3457 boui,
925 3402 969 3451 lib.
991 3415 1030 3450 vr.
1053 3417 1111 3466 pag.
1127 3405 1184 3451 252.
1225 3404 1266 3452 Ds
1285 3403 1361 3452 Velis

265 3477 368 3527 viteus.
398 3477 465 3526 iuter
491 3477 634 3543 Episcopo·
658 3481 795 3545 Sardinia,
834 3477 943 3526 diximus
954 3491 1013 3540 cap.
1024 3479 1064 3526 lo.
1076 3485 1104 3526 et
1115 3477 1148 3526 de
1161 3478 1283 3528 Paestano
1293 3479 1361 3538 sinu,

264 3551 272 3579 ‘
297 3551 370 3603 Felix
399 3551 431 3601 de
458 3553 606 3604 Turribus!
654 3555 795 3619 Antonino,
834 3561 860 3602 et
872 3551 905 3603 de
915 3553 1025 3602 Vibone.

263 3627 271 3656 ‘
283 3626 325 3676 sd
336 3627 463 3690 Turrsm‚'
475 3629 597 3692 oppidum
608 3633 733 3682 sardinis
745 3643 794 3684 est.
865 3635 878 3662 ⁸
892 3627 930 3675 Ab
943 3628 1075 3691 OEntln'b]
1093 3627 1165 3678 0⁰⁰⁵
1184 3628 1210 3676 in
1227 3628 1305 3677 ltalia
1319 3643 1360 3677 re·

265 3702 408 3752 Ptolsmaeo
419 3715 462 3752 ιιι.
472 3705 498 3751 2.
514 3703 609 3766 nimo
622 3696 739 3758 Βῐσσοιιοι
750 3707 793 3758 sd·
832 3717 888 3752 ιιιιι
901 3702 996 3766 potitos
1008 3703 1069 3752 olim
1078 3703 1171 3752 Strabo
1182 3704 1261 3753 etiarn
1274 3705 1362 3767 prodi·

262 3785 311 3839 λιι,
324 3775 540 3840 prodidimus.
571 3780 649 3831 Nous
661 3782 696 3832 ibi
708 3783 791 3834 credi·
832 3779 879 3842 dit,
890 3793 949 3843 pag.
958 3783 1015 3828 252.

263 3852 492 3903 turessedasaari.
861 3854 1027 3918 blahasam]
1043 3855 1180 3914 ’limaisa
1214 3857 1360 3908 Meminers

295 3935 311 3960 '
327 3928 478 3992 Sardiniam]
498 3926 562 3978 rraec
583 3929 688 3979 lotidem
704 3933 789 3981 verbis
829 3931 941 3985 Solinus,
957 3937 985 3978 et
1001 3931 1153 3982 Martianus.
1188 3931 1264 3982 Nunc
1278 3933 1359 3982 lans·

261 4001 372 4064 Solinus,
388 4017 446 4067 cap.
458 4007 482 4052 t.
502 4005 788 4070 alamoinorum,
828 4008 895 4063 cells,
917 4007 1003 4063 Pras,
1026 4007 1119 4056 erae:
1142 4008 1292 4072 scopulique
1314 4009 1359 4059 alii

262 4076 307 4125 lib.
319 4091 357 4126 vr.
368 4078 401 4126 da
411 4078 539 4141 Sardinia,
552 4095 579 4144 p.
589 4084 647 4130 201.
681 4082 789 4135 Praeivit
830 4085 883 4132 siue
895 4083 1005 4132 nomine.

263 4159 355 4204 auctor
364 4151 423 4204 libri
435 4155 529 4207 Mirab.
541 4157 658 4210 Auscult.
677 4173 703 4223 p.
716 4164 788 4210 lita.
861 4165 872 4190 0
890 4155 1036 4220 Thucydide]
1054 4156 1110 4208 Lib.
1123 4170 1159 4206 ιι.
1171 4171 1197 4221 p.
1209 4163 1267 4208 tll.
