3106 4910
294 433 360 502 tito
661 447 694 494 c.
713 445 836 514 vunrnn
860 443 1024 495 ssconnr

295 593 355 658 ΛΗ
375 591 426 656 lris
448 591 603 656 omnibus
619 594 727 654 vestm
750 587 947 654 solitudines
970 588 1127 654 orientem
1142 607 1260 654 versus
1282 609 1391 675 nsque

296 692 338 758 ad
365 691 616 771 Garamantas}
644 690 864 774 Angylcsqne
887 697 923 754 et
946 689 1188 774 Troglodytas:
1212 693 1394 758 verissime

294 794 447 877 opinione
471 812 595 870 eorum,
621 793 679 874 qni
702 792 844 856 desertis
865 788 1011 855 Africusi
1026 789 1112 855 duas
1127 791 1319 882 AEtbiopins
1335 813 1395 858 su-

294 901 494 978 perponunt,
515 901 548 958 et
569 899 645 958 ante
669 911 785 957 omnes
808 890 972 972 Homeri)
990 891 1047 976 qui
1069 894 1271 975 bipertitost
1292 897 1393 960 tradit

294 995 485 1079 AEtbiopss,
500 993 542 1056 ad
558 994 717 1060 orientem
732 1011 960 1077 occasumque
974 1009 1106 1058 versos.
1147 994 1244 1076 Nigri
1258 994 1394 1062 tlnviol

294 1096 415 1164 endem
430 1103 558 1172 natura,
580 1115 657 1179 quae
685 1094 788 1160 Nilo:
810 1095 988 1173 calumum,
1004 1103 1039 1159 et
1060 1113 1237 1180 papyrum,
1260 1103 1294 1162 ct
1314 1117 1394 1161 eas·

293 1197 368 1262 dem
409 1197 512 1278 gignit
542 1197 738 1274 animantes,
765 1195 951 1280 iisdemque
979 1197 1186 1278 temporibus
1221 1199 1393 1280 augescit.

295 1297 409 1364 Oritur
423 1300 510 1363 inter
524 1299 682 1364 Tercleos
697 1298 887 1381 AEthiopas,
903 1306 939 1362 et
953 1295 1151 1363 OEcalicas.¹
1182 1296 1312 1364 Horum
1327 1319 1392 1384 op-

291 1400 409 1482 pidum
420 1405 440 1434 ¹²¹
457 1397 575 1464 Mauin
590 1406 625 1445 ⁵¹¹
640 1397 779 1483 quidum
807 1397 1045 1464 solitudinibus
1066 1400 1308 1483 imposuerunt,
1326 1401 1392 1466 nt-

293 1498 402 1563 lantus
420 1499 524 1583 juxte
549 1508 637 1576 eos‚⁰
650 1500 840 1584 AEgipunas
867 1499 1051 1578 semiferos,
1073 1507 1106 1566 et
1128 1501 1332 1586 Blemmyas,
1355 1509 1392 1568 et

294 1597 578 1685 Gamphasantes,
594 1609 630 1666 et
655 1601 809 1685 Satyros,
828 1609 863 1666 et
878 1600 1163 1686 Himantopodes.
1205 1601 1391 1669 Anactes*

293 1699 473 1784 degeneres
495 1709 570 1768 sunt
595 1703 735 1768 humuni
764 1703 861 1780 ritus,
877 1701 908 1768 si
934 1702 1110 1768 credimus.
1157 1703 1249 1770 Nam
1277 1723 1390 1790 neque

748 1930 927 1952 unumne

293 2067 401 2113 non-t
419 2062 485 2112 ltus
504 2063 571 2126 Reg.
582 2068 604 2114 1.
621 2062 727 2128 scripsit
742 2065 856 2114 Brotier.
876 2077 948 2128 usque
963 2063 1124 2114 Gemmeus
1141 2063 1167 2112 iu
1182 2063 1277 2114 ceteris
1294 2063 1391 2114 edd.-

291 2132 307 2180 t
325 2127 417 2190 Margo
428 2127 486 2176 edd.
498 2128 588 2178 Delec.
598 2135 626 2177 et
642 2129 756 2179 Gronov.
771 2128 905 2192 bipartitus.
931 2127 994 2177 Mox
1011 2141 1160 2190 massaque
1176 2141 1256 2177 uersu
1270 2127 1391 2178 Telec-

292 2197 307 2242 t
324 2191 435 2256 Magium
452 2185 537 2244 chiffl.
553 2193 625 2252 Mos,
643 2193 833 2256 interposuerunt
853 2191 966 2243 Plutisn.
978 2191 1099 2255 juraque
1114 2205 1154 2241 eos
1169 2189 1305 2241 chiffl—d
1321 2193 1390 2244 cod.

785 2433 894 2486 NOTAE

291 2579 386 2640 trione,
410 2579 516 2630 Gustata
525 2578 558 2628 eb
577 2586 676 2646 austro,
693 2593 818 2632 ucmnnm
892 2579 899 2614 ¹
917 2578 1049 2644 OEuals'sns]
1066 2579 1213 2630 'uenuste
1229 2586 1307 2628 vocet
1318 2579 1388 2630 Pto·

291 2655 452 2706 Atlanticum
464 2655 498 2705 sb
509 2669 613 2706 occasu.
855 2658 968 2714 lemene,
983 2669 1023 2706 rs.
1034 2659 1061 2706 u.
1079 2657 1149 2706 iuter
1157 2653 1293 2716 AEtbiupas
1302 2656 1392 2706 orien-

323 2729 461 2782 ¹Desertis
479 2730 583 2795 mc]
617 2733 694 2783 Ultra
715 2732 819 2784 deserta
857 2735 938 2784 tales:
965 2732 1011 2782 ubi
1038 2746 1107 2782 nnnc
1128 2745 1208 2795 regns
1229 2730 1340 2791 zeum
1361 2737 1391 2782 et

290 2808 399 2872 Africus,
412 2824 501 2859 versus
514 2808 648 2860 Austrum.
857 2809 982 2875 cmm,
991 2809 1016 2861 N
1019 2807 1152 2872 igriterum
1163 2807 1278 2871 regione,
1292 2807 1328 2858 ibi
1340 2809 1392 2858 Τι-

319 2881 329 2924 J
353 2883 465 2946 Homeri]
487 2883 583 2948 odyss.
597 2890 626 2934 Α.
638 2887 679 2936 tt.
699 2883 818 2950 neom,
856 2885 918 2936 relel
927 2886 988 2935 olirn
1000 2892 1028 2934 et
1039 2883 1162 2934 OEculieae
1173 2881 1296 2947 iueruut;
1315 2883 1353 2933 illl
1364 2885 1392 2934 iu

289 2957 327 3009 rol
339 2958 410 3022 trxtd
418 2958 546 3019 Metaon
558 2959 659 3024 ἔσχατοι
674 2959 773 3026 tripes,
788 2962 819 3012 ol
855 2962 980 3012 ulteriore
1001 2960 1092 3025 Nigris
1107 2962 1166 3024 ripn
1187 2957 1279 3024 positi:
1299 2961 1343 3010 isti
1362 2961 1390 3010 in

288 3031 334 3094 plu
352 3033 480 3094 δυσομένου
495 3033 622 3098 terebros,
638 3036 662 3086 oi
671 3037 693 3086 δ’
704 3037 818 3090 bunos.
856 3037 988 3087 citeriore.

290 3111 418 3160 exem
433 3111 551 3158 bominum
569 3113 705 3175 AEtlts'opus,
718 3127 819 3176 quorsus
887 3121 905 3148 ¹³
922 3115 1015 3164 Horum
1046 3111 1169 3178 oppidum]
1202 3111 1390 3168 OEccllcsrum,

288 3187 364 3236 abac
375 3183 455 3234 Solent
468 3185 611 3235 Nuscsntssr
626 3187 681 3236 tiss
698 3189 765 3250 regio
781 3189 818 3238 ul·
856 3190 951 3255 iuquit,
962 3188 1085 3255 oppidum
1102 3189 1218 3238 nonnulli
1226 3189 1316 3238 stetim
1328 3198 1392 3253 pust

289 3263 338 3323 det,
347 3261 425 3311 altem
434 3261 697 3315 stindsmdestm—‘
708 3263 768 3314 Non
780 3267 817 3315 ri·
855 3265 954 3317 Alsicte
966 3265 1128 3324 solitudines,
1140 3262 1174 3314 ds
1193 3263 1286 3329 quibus
1298 3267 1391 3330 proxi·

289 3337 329 3386 dit
349 3337 451 3387 Plinius
470 3336 603 3402 AEtbiopss
621 3339 688 3400 illos,
704 3340 737 3391 cd
754 3356 818 3406 quos
856 3359 897 3394 ure
908 3343 1006 3396 dictum
1017 3351 1067 3406 cst,
1078 3345 1217 3394 collocent.

289 3413 422 3464 Homerus
437 3413 502 3464 nturi
511 3413 648 3466 divertisse
659 3415 734 3482 tingit
742 3419 818 3485 Ulys·
888 3426 899 3453 ²
918 3418 1015 3482 Mucia]
1027 3419 1058 3469 n.
1069 3421 1093 3468 1.
1104 3423 1130 3470 1.
1142 3417 1218 3469 Colb.
1227 3421 1252 3467 1.
1263 3421 1289 3467 2.
1302 3417 1390 3468 Paris.

289 3503 354 3554 seur,
372 3487 503 3540 fabulosos
522 3503 597 3550 esss;
613 3491 675 3543 nibil
693 3493 762 3542 sllud
782 3493 817 3543 ibi
856 3491 941 3545 chiffl.
961 3494 1083 3556 Magius.

287 3564 450 3629 significante
471 3572 632 3630 essequam
648 3568 765 3633 Ulyssem
785 3584 817 3621 eo
887 3578 899 3602 ⁰
914 3570 1029 3620 Atlustus
1044 3571 1118 3632 jrcts
1135 3569 1186 3633 sos]
1202 3569 1390 3636 Subiutellige,

289 3641 461 3703 navigationis
470 3657 524 3693 snrs
535 3650 650 3708 tempore
658 3644 816 3711 lncnlpctrru
855 3644 957 3708 quidsrn
978 3653 1127 3710 posueruut·
1160 3645 1255 3710 Neque
1272 3647 1342 3696 enirn
1358 3647 1390 3698 fi-

288 3716 394 3768 dnxisse
403 3717 599 3784 viramqmtsm
608 3725 815 3787 cgerenegstlro·
854 3720 914 3772 dern
925 3722 967 3772 bic
977 3721 1032 3785 lpse
1044 3735 1114 3771 susm
1124 3719 1230 3788 obligat,
1240 3721 1286 3770 sed
1296 3722 1330 3771 ad
1342 3737 1390 3774 eus

289 3793 609 3858 mines,nlsiestrabunc
627 3811 702 3861 pene
718 3799 816 3858 orbern,
855 3797 943 3862 rejicit
969 3804 1088 3848 arretores
1119 3797 1163 3862 qul
1192 3794 1387 3861 prodiderunt:

290 3861 336 3923 tu't
358 3871 383 3920 in
403 3880 520 3920 extremo
542 3871 591 3922 isto
612 3880 684 3924 certe
710 3875 817 3938 positos,
854 3873 1025 3935 Pomponium
1047 3873 1142 3924 Melam
1158 3873 1282 3938 inprimis,
1302 3888 1390 3939 uque

290 3962 353 4014 qnos
364 3947 498 4011 AEtblcpss
509 3946 647 3998 orientales
660 3957 687 4001 et
698 3951 816 4002 occiden·
854 3949 910 3999 lrssc
925 3948 1074 3999 adverbum
1086 3956 1205 4011 accepts,
1221 3963 1239 4000 t.
1259 3956 1285 4002 8.
1302 3965 1330 4014 p.
1342 3955 1388 4003 ro.

290 4025 356 4074 tales
367 4021 460 4074 vocet!
479 4023 525 4071 Ed.
534 4036 583 4072 sss.
854 4033 882 4075 et
893 4029 932 4074 lt.
942 4025 1170 4090 'transcripserunt
1187 4026 1277 4076 cedern
1298 4043 1315 4075 s
1329 4026 1391 4078 Pli-

321 4098 332 4131 Ι
350 4101 428 4164 Nigri
430 4099 521 4166 fluuio]
530 4099 596 4150 llaec
608 4098 718 4152 totidem
734 4101 817 4152 serbis
854 4101 896 4152 uio
908 4101 1009 4151 solinus
1019 4117 1078 4168 cap.
1089 4105 1129 4151 tl.
1141 4116 1167 4166 p.
1178 4105 1218 4152 58.
1234 4108 1263 4152 et
1272 4102 1389 4154 Murtia-

288 4174 401 4236 Solinus,
411 4190 470 4239 cap.
481 4179 521 4226 10.
533 4190 559 4239 p.
573 4180 613 4226 nt.
625 4183 653 4224 tt
668 4175 814 4226 Martianus
854 4193 911 4242 nus,
922 4177 971 4227 loe.
982 4177 1028 4227 clt.

288 4249 381 4300 libat.
401 4265 459 4318 cap.
478 4251 511 4300 de
531 4251 647 4302 interiori
669 4251 767 4310 Africa,
785 4269 812 4318 p.
885 4252 1039 4317 lAtlantes]
1066 4251 1176 4303 Ultimos
1202 4253 1235 4306 td
1263 4267 1390 4306 oceasum

289 4329 346 4380 tlt.
853 4329 973 4394 Athntss
986 4327 1219 4392 rocatMelqloco
1231 4329 1275 4380 cit.
