3144 4922
511 423 598 477 una.
621 425 720 476 urar.
747 427 821 476 nra.
846 423 898 478 lv.
921 410 975 478 18.
1225 415 1289 478 777

238 559 358 652 AEgaea
386 569 470 634 mari
506 589 627 634 nomeu
658 569 752 634 dedit
786 570 948 652 scopulus
978 570 1064 634 ialer
1098 569 1227 635 Tenum
1252 578 1288 634 et

195 669 313 736 Chium
326 668 379 718 ¹⁴*
403 673 522 749 verius,
538 691 639 756 quam
655 671 778 749 insula,
794 671 865 735 AErr
889 671 1042 735 nomine⁶
1058 692 1080 736 a
1095 672 1215 756 specie
1229 691 1287 736 aa·

193 791 279 855 prae,
295 793 372 857 qum
395 773 442 836 ita
464 774 595 839 Graecis
620 774 820 857 appellatur,
834 781 973 856 repente
996 792 1014 836 a
1035 773 1182 837 medio³⁵
1204 776 1299 837 mari-

193 874 367 937 axsiliena.
397 873 543 940 Cerauni
558 895 637 940 eum
652 894 673 939 a
688 875 811 940 dextre
825 883 919 960 parte
933 873 1084 939 Andrum
1099 875 1289 956 navigantes

194 975 238 1038 ab
255 972 395 1050 Achaia,
410 975 519 1040 dirum
535 994 575 1039 ac
600 975 805 1059 pestiferum.
850 976 958 1058 AEgaei
975 995 1056 1059 pars
1079 975 1215 1057 Myrtoo
1230 973 1290 1038 da·

193 1081 246 1140 tur
259 1071 286 1141 :a
308 1076 498 1158 appellatur
508 1075 535 1123 ³⁶
555 1077 598 1141 ab
615 1076 727 1140 insula
741 1095 858 1159 parua,
873 1095 950 1160 qnae
965 1077 1107 1141 cernitur
1129 1075 1290 1166 Macedo-

191 1177 280 1241 niam
306 1194 329 1238 a
356 1175 533 1241 Geraesto⁸
562 1178 767 1260 petentibus,
796 1177 886 1242 haud
914 1178 1031 1261 procul
1058 1178 1200 1242 Euboeae
1224 1175 1290 1241 Ga·

191 1283 293 1359 rysio.
338 1275 484 1340 Romani
512 1279 625 1342 omnia
651 1279 723 1342 haec
745 1279 853 1342 muria
873 1277 1004 1342 duobus
1025 1278 1215 1342 nominihus
1229 1296 1290 1360 ap-

192 1378 342 1459 pellant:
378 1377 649 1456 Macedonicum,
679 1397 889 1462 quacumque
902 1387 927 1428 ³⁷
966 1378 1201 1444 Macedoniam
1231 1385 1290 1444 aui

193 1478 372 1543 Thraciam
388 1479 537 1562 attingit:
562 1479 757 1554 Graaiense,
773 1501 840 1564 qua
854 1480 1024 1546 Graeciam
1048 1481 1153 1544 alluit.
1197 1480 1289 1545 Nem

193 1578 308 1644 Graeci
328 1587 362 1643 et
378 1579 504 1644 Ionium
521 1580 671 1647 dividant
693 1583 727 1645 in
742 1581 904 1659 Siculum,
920 1603 961 1647 aa
977 1581 1158 1660 Creticum,
1173 1583 1216 1646 uh
1239 1582 1289 1646 in-

193 1679 284 1743 sulis.
321 1679 405 1744 item
420 1680 577 1759 Icarium,
593 1682 682 1765 quod
698 1689 749 1747 est
764 1683 848 1748 inter
863 1684 1002 1749 Samum
1017 1692 1052 1748 et
1068 1683 1288 1767 Myconum.³⁸

192 1778 310 1846 Cetera
336 1782 470 1846 nomina
495 1784 587 1848 ainus
613 1782 745 1862 dedere,
776 1805 861 1868 quos
887 1781 1058 1850 diximus!
1112 1785 1156 1848 Et
1183 1785 1288 1848 maria

190 1883 324 1965 quidem
339 1893 522 1968 gentesque
532 1887 566 1950 in
581 1885 681 1950 tertio
694 1886 841 1970 Europae
858 1889 932 1951 sinu
945 1886 1084 1951 adhunc
1096 1883 1233 1950 modum
1250 1905 1287 1950 se

189 1983 324 2050 habeut.

641 2117 822 2140 ΜΜΜΟΟ

190 2249 255 2294 veli.
270 2243 567 2297 decimilia-aa
584 2247 628 2298 Ila
637 2249 722 2301 Talei.
732 2250 855 2300 salmani.
867 2263 955 2299 amaea
967 2247 1045 2298 codd.
1057 2244 1184 2296 lietduini
1196 2253 1223 2295 ei
1236 2247 1288 2295 Da·

190 2309 240 2357 lec.
250 2309 312 2357 item
324 2309 383 2358 edd.
397 2309 522 2360 Headuiu.
536 2316 559 2361 1.
568 2316 593 2362 7.
606 2316 629 2362 6.
650 2314 749 2363 Miller.
769 2315 875 2377 Bipout.
892 2323 919 2364 el
941 2315 1033 2362 Franz.
1052 2312 1116 2360 iuter
1129 2310 1245 2360 Tenedum
1263 2317 1288 2360 et

193 2372 279 2421 Chium
298 2373 412 2423 Gronov.
435 2383 462 2424 et
482 2375 542 2424 edd·
560 2381 689 2427 vera-oa
707 2379 773 2428 Edd.
796 2386 860 2428 vett.
881 2387 909 2428 et
929 2377 1042 2427 Gronau.
1061 2377 1087 2424 ia
1103 2375 1196 2429 mealia:
1212 2374 1287 2424 codd.

191 2433 412 2487 elimandum
430 2445 459 2488 et
472 2440 602 2502 salmasii,
619 2442 682 2490 ilem
699 2444 758 2492 edd.
769 2443 899 2492 Huduin.
913 2447 935 2492 i.
947 2446 972 2491 7.
984 2445 1008 2490 6.
1026 2440 1124 2489 Miller.
1143 2439 1249 2498 Bipoui.
1260 2445 1289 2488 et

190 2499 283 2549 Frena.
300 2516 313 2549 e
331 2503 480 2552 taedia-ld
496 2503 618 2568 aarum
632 2508 764 2569 appellatur
779 2508 841 2556 vec.
852 2507 942 2556 Delea.
969 2507 1042 2560 Mox.
1060 2504 1162 2552 Geram
1173 2502 1288 2553 Gronov.

190 2562 274 2613 Paula
286 2574 353 2627 paul,
365 2567 390 2616 ln
407 2567 498 2616 eadem
511 2568 552 2615 ed.
571 2569 762 2632 Charaeta-{ll
780 2570 823 2620 ila
840 2570 916 2620 eadd.
935 2568 1063 2618 Headuiui
1080 2573 1108 2617 ei
1123 2564 1206 2615 chiffl.
1225 2567 1287 2616 ilem

189 2627 250 2677 edd.
262 2627 389 2678 Herdain.
401 2635 424 2678 l.
436 2634 461 2679 2.
472 2634 497 2677 a.
508 2631 605 2678 Miller.
616 2635 724 2692 Bipant.
736 2639 763 2681 et
780 2635 869 2682 Frena.
887 2635 1042 2694 quodcunque
1061 2631 1121 2681 edd.
1139 2638 1206 2679 vett.
1225 2639 1287 2680 ante

191 2691 427 2742 lindoinum—⁸8
443 2694 506 2741 Vel.
515 2693 609 2744 Dalae.
621 2695 755 2757 Myronem.

685 2859 792 2917 NOTAE

190 2989 270 3026 aarum.
303 2975 375 3026 Mirei
398 2975 551 3028 Theodosii:
575 2975 717 3030 ‘aiacem-
756 2979 922 3042 schalheim,
940 2979 972 3029 ad
990 2979 1085 3042 Argon.
1096 2994 1116 3030 r.
1127 2984 1183 3030 sai.
1199 2979 1232 3030 'ri
1247 2981 1287 3031 Ai-

188 3053 241 3115 ula,
262 3051 380 3115 lhracla,
397 3053 594 3117 Hellespontum
614 3060 642 3103 et
659 3069 718 3119 para
756 3057 827 3117 'raiae
844 3055 960 3117 πέλαγος,
970 3053 1059 3114 inuida
1070 3055 1117 3104 dal
1128 3055 1287 3117 ήσουΑΙγῦν

189 3127 317 3177 riuiririor
333 3128 420 3178 Pauli.
454 3127 519 3178 liare
541 3125 665 3179 liniuntur
684 3130 718 3180 ab
757 3132 909 3194 manime.
931 3132 1133 3183 AlilerFertuar
1152 3134 1286 3197 ‘AEgmurn

189 3201 299 3266 oriente,
310 3202 373 3251 mari
386 3203 512 3253 Paelice:
531 3204 718 3268 ehaccideate‚
757 3223 827 3258 mare
840 3209 995 3273 appellatur.
1008 3207 1076 3273 qaod
1096 3209 1194 3258 crebrae
1213 3211 1238 3257 iu
1256 3223 1286 3258 eo

190 3274 300 3325 deuertia
313 3277 469 3326 Dardaniae:
487 3277 716 3342 (Candauiae,cre·
758 3284 809 3334 aiat
827 3285 926 3346 lunulae,
947 3291 977 3334 ut
996 3285 1086 3348 procul
1103 3285 1287 3346 aspicieuribua

189 3351 232 3409 da,
244 3352 349 3401 rainere
359 3353 459 3416 dicere,
468 3355 502 3403 de
521 3349 613 3417 qrrlhua
631 3361 716 3404 actura
757 3359 859 3420 apeaiea
878 3359 1022 3421 caprarum
1044 3357 1200 3407 uideanturr
1223 3347 1289 3419 aine,¹

189 3434 230 3478 eei
254 3441 295 3476 rrr.
322 3429 377 3494 26.)
407 3443 423 3478 a
449 3429 643 3491 reptemtrione,
670 3427 718 3478 ilu-
757 3433 825 3496 qaod
845 3435 871 3482 in
888 3446 919 3482 ea
931 3433 1020 3494 AEgaea
1031 3431 1187 3480 Amazonum
1199 3432 1288 3492 reglua

189 3503 258 3552 mirre
269 3503 347 3554 latro.
377 3503 475 3552 Patent
486 3505 511 3552 iu
523 3503 718 3568 longitudinem,
758 3507 883 3570 perierit:
895 3509 949 3555 rire
959 3506 1059 3569 quadiu
1071 3519 1103 3553 eo
1111 3505 1204 3568 AEgeur
1212 3514 1288 3567 paler

188 3577 228 3626 Μ.
246 3587 363 3641 pannum
381 3589 481 3627 mccxx.
506 3579 532 3626 iu
554 3578 718 3628 latitudinem
758 3577 1120 3644 Theaeieaproeeipitaaeria’
1150 3579 1241 3629 Snidaa
1254 3581 1286 3630 ah

188 3655 422 3718 occurratujuxla
442 3653 555 3705 Plinium
571 3654 717 3705 Secundam
757 3655 941 3720 AEgeal'lrerei
951 3660 1025 3717 patre
1038 3652 1216 3717 appellaliauir
1228 3670 1287 3706 aaa·
1356 3683 1360 3692 ·

187 3729 334 3781 iraeadem.⁹
758 3733 900 3796 rampellt.
920 3728 989 3779 Vide
1001 3728 1158 3779 linituram
1172 3729 1286 3781 iliadil.

220 3811 234 3840 ⁸
251 3804 467 3869 canuxia]
480 3805 716 3856 Iulianarum:
756 3811 799 3859 il.
915 3856 920 3866 ,

188 3879 262 3944 editi,
287 3880 519 3932 cacumin.
545 3881 602 3933 Nini
618 3881 717 3954 Theoti.
789 3882 801 3918 ὖ
827 3882 924 3946 Myrlea
946 3880 1028 3944 delur]
1053 3879 1113 3929 Hoc
1134 3887 1185 3941 eal,
1207 3877 1286 3942 ,Ἐμοί

191 3955 391 4006 CCCLXXXI.
708 3983 711 3992 ·
757 3971 818 4022 para
829 3956 946 4022 quaedam
958 3963 1000 4004 ert
1011 3955 1143 4019 Myrtoum
1154 3969 1232 4006 mare.

219 4031 232 4068 b
250 4031 318 4082 later
330 4032 419 4082 Teaaar
431 4036 455 4080 ei
473 4031 570 4097 chiara]
584 4032 653 4083 Vide
664 4034 718 4084 Na·
789 4039 801 4067 ⁸
818 4029 937 4093 Gerania]
953 4030 1059 4080 Euboeae
1072 4036 1132 4079 auat
1142 4031 1197 4080 hec
1212 4032 1285 4096 appi·

189 4113 230 4156 tae
241 4113 268 4157 et
280 4107 387 4158 Emeud.
398 4121 467 4157 unm.
475 4111 517 4159 66.
757 4109 800 4173 da,
809 4109 843 4158 de
854 4108 946 4171 quibua
958 4119 1017 4168 cap.
1026 4108 1068 4155 21.

220 4188 233 4214 ²
249 4183 410 4246 AEaaamiae]
426 4181 544 4248 niaque
554 4197 604 4234 aaa
621 4200 716 4250 capram
789 4180 878 4240 ‘Quoi
896 4177 1012 4241 divium
1034 4178 1075 4228 Ut
1095 4178 1285 4243 Corinthiacus,

190 4262 272 4309 rarat.
302 4255 388 4309 Plinio
408 4258 564 4322 arripulalur
585 4257 717 4325 Apollonii
755 4259 902 4322 Saraniaaa,
914 4255 1215 4322 Luoouleumaterique.
