3140 4926
474 427 561 473 rerr.
586 424 683 474 uren.
708 427 778 472 mn.
805 426 860 474 ιιι.
882 409 936 472 23.
1197 409 1257 478 681

164 569 319 634 Vicetia:
354 567 497 632 Mantua
518 566 705 632 Tuscorum
729 575 822 633 treus
851 566 981 633 Padum
1006 569 1080 633 sola
1104 569 1260 655 reliqna.⁰

166 671 317 735 Venetos
337 670 483 753 Trojano
497 669 602 752 stirpe
615 679 627 718 ¹³
648 677 751 748 ortos,
768 677 955 735 auctorest
970 668 1077 734 Cetos
1100 670 1262 736 Cenoma·

165 793 229 838 nos
246 773 347 854 juxta
374 773 564 836 Massiliam
588 763 758 836 habitasse
780 773 814 834 in
840 771 985 836 Volcis.q
1029 771 1200 848 Fertini,⁶¹
1228 784 1263 840 et

167 875 374 950 Tridentini:
395 879 429 937 el
455 875 684 951 Berunenses,t
710 874 842 938 Raetica
861 873 1012 956 oppida:
1037 872 1208 938 Raetorum
1229 883 1263 940 et

168 976 398 1058 Euganeorum
424 975 586 1052 Verona,¹¹
607 975 797 1040 Julienses'
827 975 1021 1040 Carnorum.
1067 974 1153 1039 Dein
1177 996 1264 1059 quos

169 1077 362 1161 scrupulose
388 1077 497 1140 dicere
526 1097 590 1142 non
614 1079 763 1154 attineat,
792 1076 1043 1154 Alutreuses,⁷'
1060 1077 1265 1149 Asseriates,

169 1178 424 1243 Flamonienses
435 1187 449 1213 ¹
464 1178 681 1255 Vannienses,
696 1187 731 1242 et
753 1179 811 1242 alii
834 1179 1029 1260 cognomine
1045 1179 1175 1246 Culicis
1200 1180 1268 1244 Fo-

168 1281 391 1364 rojuliensesy
427 1281 621 1362 cognomine
664 1278 909 1363 Transpadani,
947 1279 1121 1358 Foretaui,
1160 1280 1267 1348 Nedi-

640 1457 775 1479 lelele
777 1459 806 1480 Ν

172 1591 237 1640 Vet.
248 1591 388 1641 Doleo-d
405 1591 529 1649 Feletrs'ni,
543 1599 570 1638 et
582 1605 639 1640 mox
652 1589 786 1640 Beruenses
803 1591 868 1641 Vet.
884 1592 978 1641 Dalec.
1005 1591 1138 1641 Berlresses
1148 1590 1269 1642 chin.-

173 1659 188 1704 'l
207 1655 250 1704 lta
260 1657 335 1704 codd.
348 1655 472 1703 llsrdniul
482 1663 509 1703 et
519 1655 610 1704 Doleo.
622 1669 678 1703 curn
691 1655 752 1704 edd.
763 1655 891 1706 Harduin.
904 1661 926 1704 1.
942 1661 965 1705 2.
976 1659 1000 1704 1.
1015 1657 1109 1705 Miller.
1122 1657 1230 1718 Bipont.
1242 1663 1270 1706 et

173 1719 265 1770 Frons.
275 1723 421 1770 Almroessss
431 1720 546 1770 Gronov.
554 1719 702 1770 Alutrs‘esses
713 1722 747 1769 el.
757 1729 823 1770 vett.
840 1722 914 1784 Mox,
929 1721 1111 1783 Flesnooieasss,
1127 1721 1270 1771 Vosnlenses

669 1899 778 1950 NOTAE

172 2015 227 2063 neis
237 2015 394 2064 Venetorum
403 2013 516 2076 oppidis,
524 2027 591 2061 nrrnc
602 2003 703 2075 Odersm
742 2013 816 2063 sium.

172 2092 199 2140 in
210 2090 329 2140 Maronis
338 2088 486 2139 Tsrvlsous.
510 2087 629 2137 ntaouros
639 2102 703 2150 quo·
773 2097 783 2120 ⁸
802 2089 949 2153 tridentini]
966 2087 1117 2137 Tridentum
1130 2087 1226 2152 urente,
1238 2088 1271 2138 ad

174 2180 224 2230 que
236 2165 343 2223 ibidem,
358 2165 460 2212 Beluno.
493 2162 705 2217 vicenarum·
745 2177 842 2212 onlnem
856 2164 983 2213 Athesim.

173 2257 210 2296 ss,
223 2242 293 2288 lnter
304 2238 438 2288 Venonsm
450 2245 477 2286 et
489 2237 637 2286 Patavium.
777 2240 785 2270 1
800 2237 963 2300 Barnaeum]
981 2238 1012 2288 lu
1028 2240 1093 2290 Mse.
1110 2241 1208 2304 ulsiqns
1221 2241 1271 2291 Be-

205 2325 218 2350 ⁰
235 2316 292 2366 Solu
302 2313 405 2378 reliquo]
424 2314 463 2362 Ex
481 2314 512 2362 iia
526 2312 630 2362 urbibus
641 2326 704 2378 qnos
742 2330 844 2366 coenses.
878 2316 965 2365 Hodie
978 2316 1080 2366 Bellene
1091 2332 1170 2382 supra
1180 2317 1273 2367 Feltri-

174 2391 252 2440 'l'usci
264 2399 336 2440 treus
348 2389 444 2438 l’edum
457 2388 638 2450 condiderunt,
646 2403 705 2438 curn
744 2406 794 2454 am,
806 2402 834 2441 ut
846 2389 948 2455 quidem
961 2392 1073 2442 videtur.

177 2481 263 2517 rerum
287 2473 342 2516 tota
364 2464 419 2514 fere
448 2463 524 2513 ltalia
550 2465 704 2528 potirentur.
775 2477 787 2501 ¹¹
815 2469 918 2533 Verona]
949 2468 1048 2532 Verona,
1072 2483 1147 2534 qrrsm
1170 2468 1275 2525 Athesis

175 2540 280 2592 Idcirco
292 2539 359 2604 apud
370 2539 570 2602 virgitffineid.
582 2552 609 2589 ιι.
630 2541 704 2588 Man·
743 2543 818 2592 lrodie
837 2545 948 2593 mediam
971 2553 1051 2594 secat.
1085 2546 1242 2596 Cenomanis
1259 2560 1276 2594 a

177 2625 222 2666 tua
233 2616 305 2665 dives
317 2617 371 2664 sris
385 2615 490 2678 dicitur,
502 2624 530 2664 et
540 2617 624 2666 Tusco
636 2617 659 2665 ei
672 2617 705 2665 de
743 2619 887 2668 Ptolemaeo
903 2619 1050 2670 ascribitur.

176 2692 300 2754 sangnine
314 2692 390 2740 vires.
777 2695 936 2758 ’Μωυσῆ
952 2699 1065 2747 erornm
1083 2694 1184 2746 Ἰούλιον
1192 2694 1276 2760 Κόρη·
1373 2749 1378 2759 ,

210 2766 347 2827 rrmjnso
367 2765 453 2830 stirpe]
480 2765 613 2816 Antenore
629 2766 706 2819 do'ce.
745 2769 942 2819 srosl’tolenraeo
960 2784 993 2820 ιι.
1014 2772 1054 2820 11.
1086 2771 1184 2820 Extare
1202 2773 1276 2835 liujus

179 2841 247 2891 Vide
259 2842 358 2891 Liuium
371 2842 443 2890 initio
456 2841 498 2891 lib.
511 2854 529 2890 ι.
745 2845 855 2908 vestigia
866 2844 939 2893 aiunt
951 2845 1020 2894 circa
1031 2845 1277 2910 Tilavemptisrnnis

212 2926 224 2959 1
242 2919 273 2966 In
286 2918 375 2981 Volcis]
395 2917 535 2980 Utramque
546 2917 661 2966 erodanl
675 2917 708 2967 ri·
747 2919 829 2976 initia.

179 3009 239 3058 pam
252 2994 480 3056 Volrseqnondem
494 3003 609 3044 tenuere.
642 2993 708 3044 Anc-
778 2995 966 3058 'Alstrense11
988 2995 1121 3057 Deinceps
1144 2997 1277 3060 alphabeti

181 3079 223 3119 tor
243 3069 328 3118 Livius
346 3071 391 3119 lib.
405 3082 463 3118 xxr.
476 3085 501 3131 p.
515 3074 569 3119 197.
604 3071 707 3119 Finibus
747 3073 837 3123 ordine
854 3074 943 3136 populi
957 3079 1141 3122 recensentur:
1160 3075 1186 3122 iu
1197 3075 1278 3123 medi·

181 3147 234 3195 anis
261 3160 378 3209 egressos
397 3161 411 3196 e
432 3146 517 3195 Gallie
539 3147 708 3208 Cenomanos,
748 3156 869 3198 terraneo
881 3149 991 3210 regionis
1003 3147 1112 3197 decimus
1127 3164 1215 3199 omnes
1234 3165 1279 3214 po·

180 3237 238 3270 eom
257 3222 403 3277 Belloveso,
419 3221 552 3284 Arulrlgati
564 3223 709 3286 Biturigum
747 3225 801 3274 siti.
833 3225 875 3274 lta
896 3225 962 3272 Mse.
981 3239 1078 3272 omnes.
1112 3226 1180 3274 Cere
1198 3241 1278 3289 porro

181 3305 209 3347 et
222 3299 299 3346 totius
311 3298 418 3346 t'eltlere
431 3298 500 3360 regis
513 3306 618 3360 nepote,
633 3298 711 3347 docet
749 3301 793 3350 lios
805 3308 881 3363 putee
893 3300 926 3349 ab
936 3297 1048 3361 Alauna,
1059 3298 1091 3347 tle
1104 3314 1154 3362 que
1166 3315 1225 3362 cep.
1237 3305 1278 3354 21.

184 3373 271 3424 Lislus
289 3373 367 3423 lior.
388 3389 413 3436 p.
426 3377 467 3422 99.
485 3373 527 3420 obi
549 3373 710 3422 Cenomanos
749 3376 954 3440 cognominatos,
973 3383 1017 3423 sut
1038 3375 1070 3423 ob
1088 3374 1155 3423 Aloo
1172 3376 1280 3437 oppido,

183 3450 308 3500 Aulercos
325 3457 410 3498 voest.
444 3447 593 3498 Consedere
605 3449 622 3495 ii
634 3463 711 3511 porro
751 3451 783 3498 de
794 3464 846 3514 qrto
857 3449 1004 3511 Stephanus
1017 3448 1096 3495 verbo
1106 3445 1210 3507 ondrer,
1221 3462 1279 3497 curn

185 3526 252 3588 apud
270 3527 363 3576 Volcae
376 3526 483 3588 primunr
495 3539 502 3572 ι
521 3536 579 3571 mox
591 3537 638 3585 per
647 3523 712 3571 'l'art-
751 3525 777 3572 ld
789 3525 816 3572 in
827 3537 873 3572 ora
888 3524 922 3570 sit
935 3520 1062 3584 positum:
1081 3523 1107 3570 ln
1127 3515 1280 3572 mediterra'·

185 3603 256 3651 rinos
278 3603 358 3650 ssltus
386 3601 411 3648 in
434 3598 538 3647 Italiam
561 3612 714 3661 prorupere,
752 3598 982 3658 neo,rllutrenses.
1277 3619 1279 3622 ·

186 3677 362 3741 Brixiamqoe,
370 3676 511 3729 Veronam,
521 3673 716 3727 Cremonam,et
786 3669 994 3732 *Fumostmed
1010 3670 1068 3720 Non
1084 3685 1100 3718 e
1115 3671 1237 3734 Flsuona,
1249 3674 1282 3722 de

186 3753 321 3801 Mantuam
333 3757 512 3800 construxere.
544 3747 612 3797 Vide
627 3747 658 3796 P·
673 3741 717 3795 Ε·
754 3761 804 3812 qua
815 3759 873 3807 cop.
885 3749 926 3794 911.
946 3759 1002 3806 quer
1025 3745 1084 3793 urbs
1102 3746 1224 3795 littoralis
1234 3757 1284 3810 est,

188 3829 242 3892 gid.
254 3829 366 3891 Laccary
382 3826 415 3876 de
427 3825 519 3876 Gelon.
532 3824 630 3876 Gallor.
643 3837 675 3874 ιι.
691 3827 717 3873 d.
753 3823 799 3872 sed
812 3839 827 3871 a
839 3821 979 3879 Flamonio,
991 3837 1048 3886 qnae
1063 3836 1131 3872 urtuc
1148 3823 1282 3885 Flogogno,

186 3921 214 3971 p.
225 3909 267 3955 at.
754 3899 924 3962 harrdprocul
937 3900 992 3963 ripe
1001 3901 1156 3962 Tilavemptl
1168 3902 1258 3951 amnis.

220 3979 352 4043 'fertissil
369 3981 413 4030 lta
428 3977 487 4027 libri
506 3991 602 4026 omnes.
635 3976 715 4027 Hand
786 3976 1122 4040 renumerandum.
1155 3978 1283 4043 'l'rsusps-¹

189 4058 268 4108 dubie
281 4071 327 4120 pro
341 4055 452 4115 Feltrini,
469 4061 498 4104 ut
516 4054 595 4103 lrabet
613 4054 715 4104 Cassio·
756 4052 814 4101 dani
835 4065 976 4115 cognomen
995 4052 1034 4102 iris
1053 4050 1188 4116 inlaquod
1201 4063 1227 4102 et
1239 4054 1283 4103 elil

190 4135 274 4183 dorus.
307 4132 436 4182 Antonino
448 4145 549 4195 qnoque
570 4130 671 4186 Feltria,
688 4131 714 4179 lu
755 4129 941 4192 Forojulleuser
950 4127 1090 4190 Cispadaui
1101 4135 1175 4178 eraut
1186 4127 1211 4178 ln
1221 4127 1283 4181 Utu-

191 4210 293 4260 eraetia
304 4207 392 4272 oppidi
404 4213 573 4267 norstenast,s
581 4205 715 4268 Trideoto,
755 4205 820 4270 bris,
830 4204 864 4254 de
875 4203 1032 4269 quibuscsp.
1044 4205 1083 4251 19.

192 4283 231 4334 M.
243 4283 275 4332 Ρ.
292 4295 345 4333 utu.
356 4296 424 4333 nune
435 4281 526 4346 Fetere,
537 4294 615 4345 suprs
624 4281 715 4331 Terri-
