3146 4924
293 349 358 418 812
657 365 690 415 u.
707 363 834 416 'rurnrr
858 365 1023 417 saounnr

294 525 425 572 versum
439 512 600 591 porrecta,
622 510 861 574 exercitatione
875 508 1026 592 ejusdem
1047 506 1283 589 cognominata
1298 503 1388 572 Dro'-

295 627 369 674 mos
394 607 576 688 Achilleos,
611 611 707 694 cujus
735 610 975 691 longitudinem
1013 609 1183 690 octoginta
1206 608 1391 672 millium?

295 719 457 792 passuum
473 710 574 777 tradit
587 709 751 794 Agrippa.
787 711 913 775 Tolum
925 729 1000 773 enm
1012 715 1155 774 tractum
1170 707 1294 774 Tauri⁶
1305 709 1392 792 Scy-

296 810 378 887 thae,
392 815 425 874 et
439 809 546 875 Siraci
555 817 691 875 tonent.q
713 810 796 875 Inde
812 809 996 893 sylvestrisr
1007 810 1098 892 regio
1115 809 1271 893 Hylaeum
1285 829 1390 886 mare,

296 931 363 994 quo
375 912 519 989 alluitur,
534 912 799 995 eognorninavit:
823 910 1053 976 Ennoadloae⁸
1074 918 1238 976 vocantur
1259 911 1393 975 ineolae.

298 1011 397 1076 Ultra
412 1012 637 1098 Panticapest
657 1013 776 1090 aronis,
800 1014 858 1096 qui
874 1012 1049 1077 Nomadas
1063 1020 1098 1077 et
1108 1012 1260 1095 Georgos
1275 1013 1394 1075 dister-

298 1114 422 1176 minat:
457 1133 538 1177 mox
563 1111 755 1177 Acesinusr
813 1111 961 1188 Quidam
990 1111 1198 1196 Panticapen
1226 1111 1394 1175 confluere

298 1212 386 1278 insra
402 1211 555 1277 Olbiam'
582 1232 658 1276 cum
682 1211 885 1296 Borysthene
900 1213 1052 1278 tradunt:
1079 1213 1302 1296 diligentiores
1316 1211 1394 1294 Hy·

299 1315 423 1395 panin:
445 1318 535 1377 tanto
555 1331 664 1378 errore
679 1332 806 1390 eorum,
833 1314 890 1397 qui
910 1313 1003 1378 illurn
1027 1315 1063 1378 in
1077 1311 1173 1378 Asine
1195 1321 1293 1397 parte
1314 1332 1396 1395 pro·

300 1412 426 1476 didere.

345 1512 567 1579 Maresubit'
588 1519 683 1580 vasto
697 1477 859 1592 receseu,⁷
876 1515 979 1580 donec
1000 1517 1146 1601 quinquo
1161 1515 1304 1580 millium
1315 1537 1397 1600 pas·

305 1631 401 1678 suum
422 1615 599 1682 intervallo
624 1616 756 1682 absita
782 1617 956 1696 Maeotide,
984 1625 1083 1682 rasta
1107 1618 1256 1696 ambiens
1274 1620 1396 1701 spatia,

758 1809 938 1833 MNOOO‘M

303 1945 320 1990 o
333 1941 340 1970 ⁴
355 1939 461 1991 Poenici
473 1941 532 1991 Vel.
541 1941 623 2007 Sardi,
636 1943 741 2007 Scylla,
750 1949 773 1993 et
786 1943 864 1993 Siraci
880 1949 959 1994 tenent
974 1943 1057 1993 Tolet.
1080 1943 1120 1991 De
1130 1941 1224 1992 sinen
1236 1942 1293 2004 lege
1310 1942 1400 1992 Strab.

304 2005 348 2055 lib.
366 2003 396 2056 x.'
415 2006 548 2060 Doleo—l
565 2009 629 2058 Cod.
647 2010 737 2059 Daleo.
758 2017 785 2058 et
803 2007 888 2058 cuiffl.
907 2023 991 2071 rnngxo
1007 2011 1156 2058 reem—8
1172 2005 1247 2056 Sim
1262 2005 1402 2057 Gurcinilee

797 2203 908 2256 NOTAE

337 2317 498 2378 nonaginta
518 2315 591 2380 mili]
617 2318 724 2368 Tartara
738 2317 831 2382 inlry·
870 2317 929 2367 alibi
946 2326 1069 2380 uurqnenr
1090 2319 1204 2377 reperta.
1237 2311 1347 2365 Quidni
1366 2313 1404 2362 le·

307 2392 395 2454 ooplrr.
415 2407 440 2455 p.
457 2396 498 2440 ll.
518 2401 545 2441 et
564 2393 649 2443 strab.
668 2393 712 2444 lib.
732 2407 782 2444 ιιι.
804 2384 834 2457 ρ.
870 2408 916 2456 με
928 2392 987 2442 lnde
999 2390 1098 2454 Hylaeil
1115 2403 1173 2438 narn
1184 2386 1217 2435 de
1228 2385 1328 2450 Hylrria
1340 2400 1401 2436 rnox

306 2471 362 2516 tor.
374 2467 514 2516 stadiorum
528 2469 606 2524 mille,
623 2469 671 2519 hoe
684 2476 734 2530 ert,
744 2481 830 2519 cxxv.
870 2467 972 2517 iterum.

306 2542 345 2591 M.
358 2542 390 2591 P.
410 2541 509 2593 Auctor
521 2544 620 2606 Peripli
634 2545 713 2594 Ponti
726 2545 831 2609 Euxini,
904 2545 913 2575 ²
928 2539 1080 2606 Pontiouper]
1096 2537 1246 2596 llmrrdrnr
1257 2537 1404 2600 Herodoto,

307 2634 333 2683 p.
345 2623 370 2669 7.
382 2619 521 2670 stadiorum
534 2622 601 2671 nrille
612 2635 643 2672 ao
654 2621 834 2686 ducentorum,
870 2621 919 2669 loc.
931 2621 974 2670 cit.
986 2632 1001 2666 a
1017 2632 1067 2682 quo
1085 2617 1142 2665 lraen
1160 2615 1240 2670 illota,
1253 2623 1281 2665 et
1291 2615 1402 2663 Plinius.

308 2693 358 2744 lroc
369 2703 420 2756 ert,
430 2707 471 2746 on.
483 2697 521 2745 Μ.
533 2697 565 2746 Ρ.
873 2696 976 2759 Scytha
997 2691 1128 2744 Nornadea
1139 2690 1267 2754 inungi,
1284 2704 1300 2739 a
1318 2690 1404 2740 Geor·

340 2779 353 2812 ‘¹
376 2771 450 2820 Tauri
471 2773 576 2836 Seytlroe,
599 2781 623 2824 et
640 2774 721 2824 Siraci
741 2775 834 2838 tenent]
874 2770 923 2834 gia,
936 2766 1242 2832 hocert‚aratoribureo
1260 2778 1333 2814 ruine
1351 2765 1404 2813 dir-

308 2847 368 2896 Hoc
379 2855 429 2908 eet,
438 2847 590 2910 Scytharum
605 2850 703 2913 populi,
715 2851 758 2913 qni
769 2850 835 2898 Tan·
876 2848 1052 2896 terminantur.
1084 2843 1196 2907 Utrique
1215 2843 1342 2891 eornmnni
1356 2841 1406 2890 rni-

309 2923 331 2969 rl
343 2928 474 2983 vocantur,
485 2931 513 2972 et
522 2925 611 2975 Siraci.
630 2926 713 2988 ταῦροι
730 2933 758 2974 et
768 2929 836 2986 Σιρα·
874 2935 965 2971 nornnr
976 2923 1142 2970 Tartarorunr
1155 2917 1330 2981 appellatione
1342 2931 1403 2967 een·

308 2993 354 3044 not.
381 2998 448 3045 Vide
462 2998 544 3047 Notae
554 3007 580 3049 et
593 3001 701 3048 Emend.
714 3015 783 3049 nuru.
794 3003 836 3050 97.
875 3007 972 3047 eentnr.

310 3071 388 3120 Nune
407 3072 551 3129 Beriarabi,
563 3083 590 3123 et
608 3075 712 3123 Tartari
727 3075 837 3123 minores
908 3082 919 3107 ¹¹
936 3071 1062 3135 dereiner]
1078 3071 1198 3120 Valerius
1210 3069 1327 3132 Flaoeur,
1338 3067 1406 3118 Aee·

310 3151 445 3207 vocantur,
463 3147 581 3196 Podalia
597 3155 625 3198 et
642 3149 765 3198 Ukrnnire
777 3164 838 3198 oon·
877 3149 958 3198 rinnrn
971 3161 1082 3212 quoque,
1094 3145 1190 3208 Argon.
1205 3157 1246 3194 vr.
1267 3147 1308 3192 69.
1334 3142 1406 3191 Prin-

309 3220 383 3283 finer,
394 3236 499 3287 quarum
513 3231 613 3287 partem
626 3225 736 3290 aliquam
756 3225 837 3275 Siraci
876 3223 998 3274 eiannrin
1009 3223 1153 3285 Perlegeri,
1163 3236 1188 3285 p.
1197 3223 1253 3269 tii.
1267 3217 1405 3268 llltlerenrn

310 3300 438 3360 qnondam
450 3307 565 3349 tenuere.
834 3325 836 3331 ,
877 3307 964 3350 vocat.

344 3374 574 3440 'Iuderyloeetrie]
605 3377 640 3425 Et
658 3377 714 3427 liaeo
734 3392 749 3426 a
767 3376 840 3426 Mela
910 3376 1006 3435 'infru
1018 3373 1124 3435 Olbiam]
1152 3373 1212 3422 Sive
1237 3370 1405 3434 Olbiopoliur,

311 3449 446 3513 decerpta,
473 3454 592 3502 loe-eit.
620 3453 724 3516 ‘Sylva
746 3451 839 3502 deinde
877 3453 926 3500 lroe
942 3455 993 3514 ert,
1015 3447 1255 3512 Borysthentnrnm
1274 3445 1408 3509 oppidum,

312 3533 380 3580 tunt,
391 3539 454 3588 quau
466 3529 590 3574 rnaxinrnr
601 3529 641 3578 lue
651 3526 840 3577 terr-aferunt:
878 3528 973 3591 dequo
993 3526 1070 3589 paulo
1089 3530 1150 3573 ante
1171 3523 1290 3571 dixinrrn.
1324 3521 1407 3570 ileru-

313 3607 340 3649 et
356 3599 513 3661 Panticapen
526 3601 657 3650 Nonradar
672 3603 840 3666 Georgorque
878 3601 1093 3658 dolum'rnoeillnr,
1109 3598 1151 3659 qni
1168 3597 1213 3644 lib.
1234 3609 1272 3644 ιι.
1291 3609 1314 3644 n.
1327 3599 1367 3644 ot.
1379 3603 1409 3646 er

312 3673 510 3722 disterminant
542 3673 643 3736 Hylan
664 3673 776 3735 regionis
788 3692 841 3721 rna-
879 3683 918 3724 tt.
937 3675 1098 3737 Panticapen
1117 3680 1145 3721 et
1165 3671 1288 3736 Hypanin
1299 3671 1407 3723 influere

313 3748 390 3798 urinit
401 3747 501 3798 Herod.
511 3748 556 3797 lib.
566 3761 606 3797 ιι.
619 3763 677 3811 pag.
688 3753 746 3797 nil.
758 3763 783 3798 u.
801 3753 842 3799 18.
879 3751 904 3800 in
918 3751 1102 3813 Borysthenem
1115 3748 1239 3812 prodidit.

315 3833 342 3874 et
354 3831 444 3874 arretor
459 3823 558 3888 Peripli
570 3824 648 3874 Ponti
661 3825 764 3884 Errxlni,
775 3840 800 3888 p.
816 3829 841 3874 7.
912 3835 927 3858 w
946 3825 1100 3886 Murerudit]
1127 3825 1221 3874 Euxini
1238 3825 1409 3890 Panthium,

314 3901 384 3950 nltra
395 3899 589 3962 Boryrtlrenern,
600 3913 688 3948 rerrnr
699 3901 841 3952 orientemr
880 3903 922 3966 qui
937 3901 1081 3952 Carcinite·
1092 3915 1150 3950 mox
1162 3902 1319 3964 appellatur.
1347 3907 1409 3964 liap-

315 3975 379 4040 Πρὸς
392 3975 509 4027 tamnes
522 3973 618 4032 ἐκβάντι
633 3975 842 4039 τὴνἬιρυσθέιην,
882 3975 970 4035 κυίιης
986 3975 1083 4036 κόλπος,
1102 3976 1224 4026 Straboni
1245 3977 1292 4027 ltu.
1311 3991 1363 4027 vn.
1381 3993 1409 4042 p.

316 4049 375 4101 'lois
392 4049 635 4114 nqonlrrr't'nrnnr
652 4049 772 4103 annonas
783 4051 842 4105 Σκύ-
882 4057 938 4105 708.
958 4053 991 4102 ad
1009 4054 1079 4103 mille
1099 4061 1234 4116 portentur
1249 4051 1343 4110 mdia,
1359 4053 1409 4104 lroe

319 4128 369 4175 θαι.
882 4137 930 4192 ent,
942 4128 975 4179 ad
986 4143 1071 4181 cxxv.
1083 4129 1122 4179 M.
1131 4129 1165 4182 P.
1192 4127 1279 4180 Hodie
1292 4127 1363 4191 Galle
1381 4133 1410 4180 ie

350 4201 534 4265 ¹Errrrrrrdloo]
559 4201 626 4253 ldae
645 4215 705 4254 rero
723 4215 785 4271 gent
802 4209 843 4254 ert
882 4205 1022 4269 Negropolr'.
