3140 4926
487 439 576 491 uir.
599 439 698 488 uter.
722 440 794 488 ure.
818 443 875 492 ru.
899 427 952 492 15.
1207 426 1277 498 cro·

171 581 282 678 ¹'paulo
297 583 414 648 minor.
445 582 538 652 Inter
550 583 635 648 hauc
648 591 684 648 et
698 583 849 650 Siciliam
865 584 983 660 ultera,
996 595 1094 654 autea
1106 589 1271 658 therasia

173 684 359 768 ‚appellata
379 703 467 749 nunc
489 685 613 750 Hiera:
635 684 715 770 quin
730 691 856 750 sacram
877 685 1032 754 Vulcano
1053 697 1120 767 est,
1135 691 1221 756 colio
1235 693 1271 758 in

178 805 222 851 ea
248 794 429 852 nocturnas
458 793 627 853 evomente
655 787 820 853 flammas.
871 789 986 854 Tertia
1016 791 1218 876 Strongyle,¹¹
1248 813 1271 861 a

174 887 303 974 Lipara
312 897 326 924 ⁰
340 907 377 953 nr.
393 909 487 974 paee.
502 889 546 955 ad
558 898 711 956 exortum
723 889 815 955 Solie
828 909 976 972 vergens,
990 891 1025 955 iu
1038 910 1105 975 qua
1120 895 1269 975 regnavit

176 991 309 1071 AEolua,
324 1011 402 1076 quae
417 1013 440 1058 a
457 993 582 1076 Lipara
604 993 784 1077 liquidiore
803 993 938 1058 flamma
958 999 1086 1058 tautum
1101 994 1230 1060 differt:
1250 1015 1270 1060 e

175 1092 274 1177 cujus
295 1095 398 1171 furno,
414 1097 549 1179 quinam
570 1095 680 1160 flaturi
701 1094 768 1158 sint
781 1095 884 1174 venti,
900 1095 935 1160 in
956 1094 1127 1161 triduanip
1147 1097 1268 1181 proedi-

174 1215 251 1260 cerc
273 1196 394 1262 incolae
417 1195 610 1262 traduntur:
631 1197 719 1262 unde
733 1201 851 1262 ventos
865 1197 966 1262 AEolo
985 1197 1138 1281 paruisse
1152 1200 1270 1264 existi·

173 1303 311 1362 matum.
356 1297 488 1376 Quarta
514 1297 685 1381 Didyme,q
706 1301 811 1363 minor
833 1317 935 1382 quam
959 1297 1094 1383 Lipara.
1139 1301 1270 1380 Quinte

174 1393 328 1462 Ericusa.
350 1463 352 1468 ,
372 1397 478 1463 Sexta
498 1398 715 1475 Phoenicusa,
735 1399 861 1483 pabulo
883 1401 1107 1483 proximarum
1129 1402 1268 1468 relicte:

176 1496 374 1563 Novissima
393 1500 575 1584 eademque
597 1501 742 1580 minima,
767 1501 986 1585 Euonymos.r
1030 1501 1209 1568 Hactenus
1227 1503 1269 1567 de

176 1599 282 1679 primo
296 1599 442 1684 Europae
455 1601 541 1668 sinu.

219 1713 285 1764 xv.
305 1698 382 1786 (x.)
401 1699 435 1764 A
450 1701 589 1766 locris·
603 1701 717 1768 Itaiiae
730 1703 823 1768 frons
839 1703 970 1788 incipit,
993 1703 1120 1787 Magna
1133 1701 1269 1769 Graecia

174 1799 353 1882 appellata,
368 1801 401 1865 in
416 1808 482 1866 tres
505 1801 641 1869 sinue¹b
661 1803 826 1870 recedens
845 1803 1007 1871 Ausoniit
1028 1805 1152 1886 marie3
1183 1823 1269 1888 quo-

627 1965 806 1986 memo

203 2061 271 2114 Cer.
283 2076 331 2112 ιν.
360 2068 374 2112 1
392 2061 578 2114 chiffl.tetrets
588 2061 713 2112 rina-2
730 2060 773 2111 Ita
783 2061 860 2112 codd.
870 2060 999 2112 Hardnini
1009 2059 1198 2112 etChiiii.itenr
1208 2061 1270 2112 edd.

666 2205 772 2257 NOTAE

202 2329 221 2358 ὓ
239 2319 304 2377 Quia
319 2316 639 2383 arm1'tephr‘tteatcroe
655 2331 699 2367 vo·
772 2317 932 2383 *dinei-h]
942 2319 1019 2368 Unde
1038 2331 1097 2381 cup.
1116 2323 1157 2368 1ο.
1171 2317 1205 2368 ad
1222 2318 1268 2368 de·

169 2403 214 2448 cat
223 2398 326 2459 Strabo,
336 2394 380 2445 iih.
393 2409 430 2445 vr.
439 2409 465 2459 p.
472 2399 530 2444 att.
541 2394 699 2444 Ptoiernaent
739 2391 887 2442 tctihendtta
896 2391 1203 2449 inauiudeiiexitoretio‚
1214 2392 1269 2444 Ita·

168 2487 217 2536 pro
234 2486 304 2522 ruore
323 2473 349 2521 in
370 2470 434 2520 duna
454 2471 573 2520 distrahit
593 2471 697 2532 tuentes,
738 2471 1025 2536 iiapaniirperreiiota.
1060 2471 1137 2522 Nunc
1147 2484 1178 2520 ec
1190 2470 1268 2521 redit.

166 2548 243 2613 ’ἱερὰν
253 2554 281 2598 et
290 2545 421 2611 Ἡφαίστου
430 2549 511 2604 νῆσον.
542 2545 628 2596 Hodie
642 2546 697 2596 Vot-
736 2547 875 2598 Pertinent
883 2563 944 2598 tero
955 2548 1012 2598 hrec
1023 2547 1055 2597 ed
1067 2546 1171 2596 tertiam
1183 2546 1266 2596 ltaliae

167 2639 226 2673 erac
242 2631 400 2687 nuncupant.
425 2623 493 2673 vide
512 2624 596 2674 Notat
613 2631 641 2672 et
661 2624 696 2672 E·
735 2624 877 2687 regionem.
910 2625 1019 2673 Fertur:
1038 2623 1145 2687 ‘Mrjor
1161 2622 1267 2672 Graecia

166 2698 253 2749 rnend.
265 2713 334 2748 unm.
344 2703 385 2747 61.
735 2698 807 2748 dicte
817 2705 859 2748 ert
871 2698 957 2762 Italia,
976 2698 1024 2747 hcc
1041 2697 1185 2755 ett,1taiire
1199 2711 1268 2761 pert,

202 2781 215 2807 ¹¹
232 2775 372 2838 Βησηρᾶ]
398 2773 552 2836 Στρογγύλη,
576 2773 645 2839 qnod
672 2773 697 2823 ei
735 2773 805 2838 quod
824 2787 881 2823 eam
896 2771 977 2822 Siculi
999 2770 1127 2837 quendem
1148 2772 1267 2821 obtinue-

167 2863 262 2902 notnen
273 2862 287 2899 a
298 2850 458 2900 rotunditate
469 2848 576 2912 factura,
586 2855 615 2899 ut
627 2849 697 2898 Stra-
734 2856 810 2898 runt:
828 2851 869 2898 rei
882 2847 949 2913 quod
962 2849 988 2897 in
1005 2861 1036 2898 ea
1050 2846 1138 2897 rnuita
1154 2860 1267 2909 magne·

167 2925 204 2978 ho
213 2925 343 2987 admonet,
355 2939 382 2990 p.
393 2929 451 2975 m.
475 2925 553 2976 Nunc
562 2923 697 2988 Strongoti,
735 2937 786 2987 qne
798 2923 919 2974 civitatee
933 2922 1040 2972 fuerunt
1050 2936 1082 2971 ex
1095 2921 1198 2971 Graecia
1207 2933 1267 2984 pro·

167 3007 195 3050 et
206 3001 342 3052 Stronhoti.
734 2997 830 3050 fecta?
845 3000 944 3064 Magna
956 3011 1042 3062 porro,
1053 3011 1098 3046 ren
1107 2997 1188 3061 rnrjor
1196 2997 1267 3047 dictu

199 3077 251 3126 ‘A
271 3076 373 3141 limo]
402 3077 468 3128 Hac
496 3076 587 3128 tiedenr
609 3075 694 3128 rerhir
734 3073 1267 3140 ridetur,ohrnrjoremroiiuhertetern.-

166 3151 268 3215 Strabo,
278 3153 328 3202 icc.
340 3153 387 3202 cit.
733 3153 741 3182 ⁸
753 3151 850 3216 Magna
861 3151 975 3214 Gracia,
991 3149 1075 3215 inquit
1086 3147 1198 3204 Niniue,
1209 3148 1266 3198 hac

199 3235 212 3269 ¹¹
229 3229 386 3294 latrum]
402 3229 467 3281 Quia
480 3229 557 3280 tertio
575 3234 634 3293 port
651 3227 693 3278 die
732 3227 821 3278 ttrite
838 3241 897 3291 pare
916 3227 949 3276 ab
968 3225 1008 3274 hir
1028 3231 1070 3273 ent
1090 3225 1232 3287 appellata,
1249 3238 1265 3272 a

167 3307 259 3352 rentur
280 3301 424 3364 spiraturus
448 3304 490 3352 rit.
522 3304 624 3360 Strabo,
642 3304 694 3354 icc.
735 3302 826 3368 quihus
849 3308 877 3352 et
892 3301 983 3352 Heliae
1003 3301 1073 3350 dieta
1093 3299 1197 3349 Greci·
1216 3307 1266 3348 ert.

167 3377 214 3426 cli·
736 3376 865 3437 'Heliae‘
877 3377 1007 3438 iuquitrr.
1018 3378 1074 3422 tt.⁴
1087 3373 1182 3423 nostrie
1190 3373 1265 3420 Gra·

201 3451 347 3516 unitum]
366 3452 462 3513 Διδύμη,
483 3453 557 3516 quati
579 3455 696 3516 gemelle.
735 3451 776 3502 cia
798 3449 952 3516 appellata!
989 3449 1055 3497 Hae
1075 3447 1154 3510 igitur
1180 3445 1264 3494 ltniia

169 3527 257 3579 Hodie
277 3528 299 3577 te
318 3527 408 3580 dutiae.
442 3527 590 3590 Ἐρικοΰσσι,
610 3528 696 3592 inquit
736 3543 804 3593 para,
821 3541 878 3590 quta
894 3534 921 3575 et
944 3525 1038 3572 Gracc
1054 3523 1215 3584 toqueretur,
1238 3529 1265 3570 et

167 3603 273 3666 strutio,
290 3604 340 3653 ioc.
360 3604 406 3652 cit.
429 3611 456 3653 et
477 3602 639 3663 ὑοινικοῢσσα,
661 3603 695 3653 ah
736 3602 907 3666 amplitudine
923 3597 1265 3660 Heiiademiongerupera·

168 3681 238 3730 erice
249 3687 277 3731 et
288 3681 372 3745 peiura
383 3694 474 3730 nomeu
492 3679 599 3741 trahent,
615 3679 696 3744 pehn·
736 3686 793 3738 ταῖς
809 3679 880 3740 (nem
897 3671 987 3723 Heitet
1002 3671 1266 3734 Atticemduuternt‚

165 3757 197 3806 iit
209 3757 311 3820 pecori·
319 3756 492 3820 proximarum
504 3755 642 3804 inediarum
651 3755 697 3804 ad·
738 3753 877 3813 Boeotium,
894 3751 1001 3813 Iactor,
1019 3745 1152 3802 Doridem,
1172 3752 1200 3795 et
1215 3746 1264 3794 Ar-

168 3832 264 3884 dicte:
280 3847 349 3882 nnnc
358 3833 445 3882 Attene
454 3837 483 3882 et
493 3831 589 3882 Fetieur
607 3832 697 3896 eppei·
735 3843 780 3894 goe
788 3826 951 3890 Pelatgicunt
961 3823 1190 3889 compiectehntur,
1201 3836 1264 3887 quae

168 3907 237 3958 ieta.
735 3904 854 3967 regiones
873 3899 971 3950 Piiniur
987 3898 1121 3958 describit,
1138 3898 1156 3945 i.
1168 3911 1191 3946 c.
1205 3911 1263 3960 cap.

199 3988 210 4018 ⁸
226 3979 369 4046 Erotivm]
385 3981 514 4044 ῑῦὀννμοε,
531 3981 579 4030 hoe
596 3987 647 4043 ert,
662 3982 695 4031 ri·
735 3983 776 4028 11.
789 3981 829 4027 tt.
841 3980 881 4028 11.
900 3974 955 4040 ld.)
972 3976 1070 4027 ideirco
1081 3973 1178 4035 Magn·
1190 3971 1264 4021 Gra-

168 4056 254 4116 aietro,
269 4055 337 4119 qnod
348 4070 365 4104 a
376 4058 470 4119 Lipare
481 4057 506 4105 in
519 4055 633 4106 Siciliam
650 4069 694 4104 ua·
734 4053 776 4103 cit
793 4067 808 4101 a
828 4051 949 4102 Romania
967 4058 1007 4100 ert
1027 4047 1168 4112 appellata.
1196 4045 1263 4095 Vide

169 4129 315 4191 vigentium
339 4132 450 4180 maxime
471 4136 511 4180 eet
533 4131 565 4178 ad
593 4131 693 4180 ierem.
735 4127 911 4178 annotationes
939 4135 1039 4176 uortrer
1065 4127 1092 4174 in
1118 4135 1187 4172 xxv.
1213 4123 1263 4172 95)

171 4202 271 4254 Auctor
279 4205 381 4269 suabe,
392 4206 442 4256 tuo.
454 4205 500 4257 cit.
525 4205 612 4256 Hodie
624 4203 696 4255 Lisco
736 4205 783 4254 nt.
793 4219 839 4254 rec.

170 4277 271 4330 itum
360 4331 366 4342 ,
768 4275 974 4340 tretradius]
992 4273 1094 4322 Primus
1106 4273 1262 4324 hectoreir·
