3070 4914
294 375 359 443 988
662 391 694 438 c.
719 388 842 438 rurrur
866 387 1030 438 suounnr

294 533 488 600 Asiaticum
501 553 603 612 mare,
617 534 689 598 sive
705 512 934 617 Carpathium,
960 539 996 596 et
1010 551 1087 615 quae
1102 530 1236 615 proprie
1250 539 1395 597 vocatur

295 633 405 700 Asia.f
446 637 488 700 Iu
505 637 678 702 duaseam
692 643 803 720 partes
818 635 971 717 Agrippa
985 633 1110 698 divisit.
1155 633 1268 698 Unam
1285 632 1400 696 inclu-

296 737 362 801 sit8
386 737 430 800 ab
455 736 580 801 oriente
604 737 749 818 Phrygia
764 743 798 800 et
816 735 999 817 Lycaonia,
1016 737 1060 798 ab
1076 735 1253 800 occidente
1270 736 1399 817 AEgaeo

294 837 389 913 mari,
416 857 437 902 a
463 837 600 903 meridie
630 839 801 921 AEgyptio‚
831 857 852 901 a
879 839 1114 920 septemtrione
1143 835 1401 919 Paphlagonia.

296 937 414 1023 Hujus
429 939 674 1021 longitudinem
691 954 881 1003 coccuxx.
897 937 978 1002 mill.
991 958 1162 1022 passuum,
1178 938 1400 1002 latitudinem

297 1049 452 1104 coortu.⁷
461 1040 543 1106 mill.
554 1041 647 1105 fecii.
661 1038 813 1104 Alteram
823 1039 1054 1104 determinavit
1068 1040 1112 1104 ab
1126 1039 1264 1114 oriente,
1277 1041 1401 1103 Arme-

295 1142 353 1206 nia
366 1143 510 1207 minore:
534 1144 577 1207 ab
603 1142 786 1220 occidente,
801 1141 957 1226 Phrygia,
972 1140 1155 1224 Lycaonia,
1170 1139 1398 1222 Pamphylia:

298 1245 581 1325 aseptemirione,
596 1244 766 1327 provincia
781 1242 949 1309 Pontica:
972 1262 994 1306 a
1015 1241 1166 1320 meridie,
1186 1241 1271 1306 mari
1294 1242 1399 1305 Pam-

297 1345 432 1429 phylio:
454 1344 588 1428 longam
615 1361 765 1410 ouxxv.
791 1345 872 1408 mill.
900 1362 1074 1427 passuum,
1100 1345 1204 1408 latam
1224 1359 1401 1408 cccxxV.

298 1445 382 1510 mill.

344 1563 463 1611 xxrx.
479 1548 519 1612 ln
535 1547 691 1631 proxima
704 1565 763 1612 ora
777 1545 900 1611 Caria*
913 1552 978 1624 est,
994 1565 1074 1612 mox
1087 1545 1201 1610 Ionia:
1217 1544 1307 1610 ultra
1320 1565 1401 1610 eam

300 1648 421 1716 AEolis.
457 1649 560 1714 Caria
575 1649 696 1714 mediae
713 1646 833 1712 Doridi
848 1646 1132 1724 circumfunditur,
1147 1646 1189 1710 ad
1202 1665 1293 1709 mare
1309 1656 1404 1712 utro-

299 1769 364 1832 que
393 1751 497 1815 latere
529 1751 700 1814 ambiens.¹
755 1751 794 1813 In
822 1747 885 1812 eeb
913 1748 1175 1832 promontorium
1205 1746 1402 1812 Pedalium.

299 1849 420 1914 Amnis
432 1850 603 1916 Glaucus⁰
619 1851 770 1917 deserens
783 1849 1020 1914 Telmessum.²
1053 1848 1210 1934 Oppida:
1226 1849 1402 1922 Daedatar

301 2096 438 2146 Ptolenoeo.
453 2099 606 2148 Ooeniondro.
633 2098 748 2158 Deinde,
757 2113 804 2162 pro
820 2099 913 2154 Boion,
923 2096 1007 2148 Chifll.
1017 2096 1097 2146 habet
1109 2095 1252 2146 Drion—'l
1267 2093 1312 2145 ltu
1322 2095 1402 2144 eodd.

301 2159 440 2218 lietduini,
459 2165 549 2211 Doler.
564 2171 591 2213 et
606 2161 690 2212 cutm.
708 2165 769 2212 item
788 2164 848 2213 edd.
867 2163 996 2212 Harduin.
1017 2167 1039 2210 1.
1055 2165 1081 2210 2.
1095 2164 1120 2210 8.
1137 2161 1233 2210 Miller.
1251 2159 1365 2224 Bipout.
1375 2169 1402 2210 et

301 2224 393 2274 Franz.
404 2227 479 2274 000.
492 2227 553 2276 edd.
565 2235 630 2276 vert.
641 2237 668 2276 et
680 2228 797 2278 Gronov.

335 2289 404 2340 Cur.
415 2303 494 2340 xxrx.
523 2295 536 2340 1
554 2293 639 2354 AEolir,
651 2292 727 2341 medio
738 2293 838 2342 Doride.
863 2288 1069 2347 Circuersnnditrtr
1078 2289 1140 2337 mori
1150 2294 1247 2352 utroque
1265 2289 1343 2337 tatere
1352 2305 1402 2337 a·

302 2352 379 2403 triente
397 2369 484 2418 margo
502 2355 561 2405 edd.
578 2358 672 2406 Dnieo.
689 2365 718 2407 et
729 2357 893 2407 tironum-d
912 2355 1053 2404 Telmedium
1069 2353 1145 2403 codd.
1160 2353 1246 2404 Tolet.
1262 2361 1292 2402 et
1310 2353 1403 2403 Dolet.

794 2532 900 2584 NOTAE

336 2635 345 2673 ¹
364 2641 468 2691 Vocatur
489 2641 561 2706 Ario]
591 2643 676 2694 Hodie
698 2645 831 2694 Notolinm
868 2645 921 2693 lia:
940 2645 1163 2708 ereptemtrione,
1178 2645 1315 2708 provincie
1331 2646 1401 2696 Pon·

304 2727 408 2768 vorant.
442 2719 656 2770 Cilicismtameu
672 2720 832 2784 Bithyniam·
870 2722 939 2770 tica:
959 2737 974 2770 a
998 2721 1116 2785 meridie,
1139 2722 1203 2771 meri
1229 2722 1400 2786 Penplrplio:

304 2806 364 2856 que,
377 2801 403 2841 et
415 2793 531 2858 Lyciam,
542 2795 757 2858 Paphlagoniam,
775 2810 833 2857 pro·
870 2799 1057 2862 longitudinem
1092 2812 1198 2850 unxxv.
1236 2800 1400 2851 latitudinem

305 2868 834 2936 vincinmquePunticnm,Phrygiam,Ly·
871 2876 998 2924 cccxxi.¹

304 2945 430 3006 neoniam,
455 2946 694 3012 Pamphyliamque,
726 2948 835 3008 Plinius,
906 2953 1020 3016 Ιοατία]
1049 2953 1126 3002 Nunc
1146 2951 1271 3017 emindii,
1292 2961 1316 3004 rt
1340 2955 1399 3003 Ger·

304 3017 575 3081 Agrippemrecutur,
595 3036 626 3072 eo
645 3022 711 3070 Asine
731 3025 835 3086 proprie
872 3025 944 3074 orion
977 3026 1099 3075 Doridem
1111 3027 1401 3077 Corininelnditeeou·

305 3090 382 3140 dictor
394 3095 495 3142 nornine
509 3104 589 3157 negot
600 3097 737 3146 contineri.
873 3097 990 3148 tinente?
1006 3102 1105 3166 reliquo
1118 3101 1157 3150 sui
1174 3110 1251 3164 porte
1268 3103 1334 3152 meri
1351 3103 1399 3151 Do-

337 3172 350 3207 Ι
370 3166 446 3214 Umor
465 3168 573 3232 inoluit]
591 3172 723 3221 Exscribit
743 3175 798 3222 lraec
818 3189 833 3223 ι
875 3175 909 3223 ris
921 3176 1034 3225 alluitur.

306 3241 392 3292 Plinio
410 3243 563 3308 Martianus,
583 3246 628 3295 lib.
639 3259 678 3295 m.
696 3262 720 3298 e.
737 3248 769 3297 de
782 3251 832 3300 Eu·
906 3250 963 3300 tn·
975 3250 1015 3313 eo]
1032 3252 1064 3301 In
1081 3253 1167 3315 Corio,
1182 3252 1250 3302 unde
1270 3255 1329 3317 ipse
1344 3265 1401 3319 pert

306 3321 543 3385 plrrnte‚peg.2l⁰.
578 3323 612 3373 Et
627 3324 703 3374 Missi
716 3325 832 3376 Theodo·
874 3327 981 3391 Lycium
1001 3328 1101 3392 incipit.
1127 3329 1198 3378 Mein
1219 3343 1237 3380 r.
1258 3335 1300 3380 15.
1317 3332 1400 3384 ‘Qut

306 3398 350 3446 eii:
370 3396 425 3446 ‘Et
444 3413 500 3462 qure
521 3402 625 3463 proprie
641 3407 746 3451 vocatur
762 3402 833 3460 Ario,
872 3402 978 3466 Lyciam
995 3401 1132 3465 tinit,urbs
1145 3404 1308 3454 Telmessos:
1340 3407 1400 3456 Mor

306 3473 332 3520 in
344 3472 408 3522 duas
423 3487 480 3523 eam
492 3483 581 3537 parter
600 3477 718 3540 Agrippa
729 3477 833 3528 divisit:
874 3491 932 3540 enp-
940 3481 980 3526 16.
996 3481 1003 3506 ¹
1016 3479 1093 3528 Coria
1103 3480 1267 3543 requitur...
1278 3482 1401 3532 Promon-

307 3561 383 3596 unnm
403 3549 507 3599 inclusit
526 3551 558 3600 nb
578 3552 687 3615 oriente,
709 3553 833 3617 Phrygis,
874 3553 1018 3603 toriadno:
1037 3553 1173 3607 Pedalion.
1185 3559 1211 3603 et
1225 3555 1314 3618 Cryel

263 3661 268 3670 .
308 3623 453 3685 Lycaonio:
471 3625 503 3674 eb
511 3625 656 3682 occidente,
666 3627 835 3689 nortffigaeo.
906 3629 1280 3695 e(steroe1u]rneenos,qrrern
1302 3633 1337 3683 0.
1356 3633 1401 3684 ce

307 3697 394 3761 liujus
402 3700 585 3762 longitudinem
597 3716 730 3753 ccccuxx.
748 3705 834 3756 intitu·
875 3704 956 3760 leber,
972 3718 1010 3753 ιν.
1021 3711 1046 3755 u.
1057 3713 1084 3754 et
1097 3710 1136 3754 ll.
1148 3707 1173 3754 in
1188 3705 1301 3756 confinio
1318 3707 1400 3772 Lyein

307 3773 404 3836 dinem,
416 3787 511 3826 cccxx.
529 3775 608 3826 feeit:
625 3778 675 3842 (rie
692 3781 768 3828 etiem
781 3781 835 3829 Pli·
874 3779 1340 3841 rectecollocrt‚ttoeinrexedirelrrs.
1372 3782 1400 3831 lu

307 3849 377 3898 uisui
389 3849 491 3900 codices
510 3853 575 3902 Mer.
593 3866 654 3916 quor
669 3856 837 3920 inspeximus,
874 3857 941 3904 lmne
959 3869 1101 3904 exonerare
1123 3871 1151 3904 se
1172 3871 1274 3906 onmem
1295 3861 1401 3908 sltem

308 3933 337 3974 et
348 3932 422 3975 retur
430 3926 519 3976 neree.
530 3941 559 3976 nc
573 3927 656 3978 clriffl.
667 3932 715 3980 etri
728 3931 835 3980 Martio·
875 3931 977 3980 Plinius
989 3932 1034 3989 eit,
1044 3947 1116 3994 quem
1127 3933 1270 3982 Telmedium
1277 3934 1343 3984 Moe.
1351 3949 1401 3984 on·

307 4013 365 4056 nur,
382 4014 441 4049 cum
458 4001 537 4052 Plinii
556 4004 634 4067 typis,
646 4012 746 4055 tentum
760 4008 837 4057 000.
875 4021 931 4062 ner,
947 4008 1088 4056 Telmessum
1105 4009 1195 4058 nmiuit
1213 4009 1345 4059 Barbarus
1362 4025 1403 4074 op·

309 4073 463 4137 praeferam)
484 4080 593 4130 niteram
605 4082 789 4132 determinavit
802 4082 835 4131 ab
875 4085 985 4147 pellere.

310 4150 419 4215 oriente,
437 4152 558 4204 Armenia
578 4158 694 4207 minore:
713 4158 745 4207 nb
767 4159 835 4207 oeci·
907 4156 1048 4224 tusum]
1064 4159 1172 4210 Δαίδαλα
1185 4161 1403 4225 stephanotium
1509 4175 1510 4224 ζ

310 4221 399 4287 deute,
418 4227 540 4293 Phrygis,
556 4233 694 4296 Lycaonis,
710 4234 838 4299 Pamphy·
876 4231 969 4297 Aonios,
986 4241 1014 4286 et
1027 4233 1156 4292 strubon,
1173 4235 1219 4288 tib.
1232 4249 1290 4286 xrv.
1309 4251 1335 4300 p.
1348 4240 1403 4286 651-
1509 4235 1510 4248 ’
