<?xml version="1.0" encoding="UTF-8"?>
<!DOCTYPE html PUBLIC "-//W3C//DTD XHTML 1.0 Transitional//EN"
    "http://www.w3.org/TR/xhtml1/DTD/xhtml1-transitional.dtd">
<html xmlns="http://www.w3.org/1999/xhtml" xml:lang="en" lang="en">
 <head>
  <title>
</title>
<meta http-equiv="Content-Type" content="text/html;charset=utf-8" />
  <meta name='ocr-system' content='tesseract 3.04.00' />
  <meta name='ocr-capabilities' content='ocr_page ocr_carea ocr_par ocr_line ocrx_word'/>
</head>
<body>
  <div class='ocr_page' id='page_1' title='image "./cpliniisecundin00valpgoog_0014.png"; bbox 0 0 3168 4930; ppageno 0'>
   <div class='ocr_carea' id='block_1_1' title="bbox 523 447 1285 520">
    <p class='ocr_par' dir='ltr' id='par_1_1' title="bbox 523 447 1285 520">
     <span class='ocr_line' id='line_1_1' title="bbox 523 447 1285 520; baseline -0.001 -8"><span class='ocrx_word' id='word_1_1' title='bbox 523 463 612 512; x_wconf 79' lang='grc' dir='ltr'><strong>ιιιτ.</strong></span> <span class='ocrx_word' id='word_1_2' title='bbox 634 462 732 512; x_wconf 75' lang='lat' dir='ltr'>urar.</span> <span class='ocrx_word' id='word_1_3' title='bbox 759 463 830 510; x_wconf 86' lang='grc' dir='ltr'><strong>ιιιι.</strong></span> <span class='ocrx_word' id='word_1_4' title='bbox 854 461 910 510; x_wconf 94' lang='grc' dir='ltr'><strong>ιιι.</strong></span> <span class='ocrx_word' id='word_1_5' title='bbox 934 447 965 511; x_wconf 95' lang='lat' dir='ltr'>l.</span> <span class='ocrx_word' id='word_1_6' title='bbox 1223 451 1285 520; x_wconf 77' lang='grc'>247</span> 
     </span>
    </p>
   </div>
   <div class='ocr_carea' id='block_1_2' title="bbox 115 605 1289 2415">
    <p class='ocr_par' dir='ltr' id='par_1_2' title="bbox 189 605 1286 874">
     <span class='ocr_line' id='line_1_2' title="bbox 189 605 1286 691; baseline 0.002 -21"><span class='ocrx_word' id='word_1_7' title='bbox 189 605 371 691; x_wconf 90' lang='lat' dir='ltr'>primordio</span> <span class='ocrx_word' id='word_1_8' title='bbox 386 617 464 671; x_wconf 86' lang='lat' dir='ltr'>ante</span> <span class='ocrx_word' id='word_1_9' title='bbox 479 605 634 670; x_wconf 86' lang='lat' dir='ltr'>rasullas</span> <span class='ocrx_word' id='word_1_10' title='bbox 649 609 776 687; x_wconf 81' lang='lat' dir='ltr'>gestas,</span> <span class='ocrx_word' id='word_1_11' title='bbox 791 612 1040 686; x_wconf 83' lang='lat' dir='ltr'>nuncupentur:</span> <span class='ocrx_word' id='word_1_12' title='bbox 1063 610 1118 670; x_wconf 92' lang='lat' dir='ltr'>et⁷</span> <span class='ocrx_word' id='word_1_13' title='bbox 1135 607 1179 674; x_wconf 86' lang='lat' dir='ltr'>ait</span> <span class='ocrx_word' id='word_1_14' title='bbox 1194 627 1286 690; x_wconf 50' lang='lat' dir='ltr'>quaa</span> 
     </span>
     <span class='ocr_line' id='line_1_3' title="bbox 191 705 1285 801; baseline 0.001 -28"><span class='ocrx_word' id='word_1_15' title='bbox 191 711 270 773; x_wconf 88' lang='lat' dir='ltr'>dam</span> <span class='ocrx_word' id='word_1_16' title='bbox 285 709 385 772; x_wconf 88' lang='lat' dir='ltr'>initis</span> <span class='ocrx_word' id='word_1_17' title='bbox 408 708 657 778; x_wconf 80' lang='lat' dir='ltr'>nomenclatura</span> <span class='ocrx_word' id='word_1_18' title='bbox 671 707 816 790; x_wconf 89' lang='lat' dir='ltr'>quidem,</span> <span class='ocrx_word' id='word_1_19' title='bbox 831 705 890 770; x_wconf 88' lang='lat' dir='ltr'>sed</span> <span class='ocrx_word' id='word_1_20' title='bbox 905 705 1020 772; x_wconf 89' lang='lat' dir='ltr'>mundi</span> <span class='ocrx_word' id='word_1_21' title='bbox 1036 725 1210 791; x_wconf 89' lang='lat' dir='ltr'>rerumque</span> <span class='ocrx_word' id='word_1_22' title='bbox 1224 729 1285 801; x_wconf 82' lang='lat' dir='ltr'>na·</span> 
     </span>
     <span class='ocr_line' id='line_1_4' title="bbox 191 817 285 874; baseline 0 0"><span class='ocrx_word' id='word_1_23' title='bbox 191 817 285 874; x_wconf 75' lang='lat' dir='ltr'>turm.</span> 
     </span>
    </p>

    <p class='ocr_par' dir='ltr' id='par_1_3' title="bbox 115 907 1289 2415">
     <span class='ocr_line' id='line_1_5' title="bbox 233 907 1285 991; baseline 0.001 -16"><span class='ocrx_word' id='word_1_24' title='bbox 233 911 408 975; x_wconf 80' lang='lat' dir='ltr'>Terrarum</span> <span class='ocrx_word' id='word_1_25' title='bbox 424 911 514 976; x_wconf 87' lang='lat' dir='ltr'>orbis</span> <span class='ocrx_word' id='word_1_26' title='bbox 529 910 705 976; x_wconf 87' lang='lat' dir='ltr'>universus</span> <span class='ocrx_word' id='word_1_27' title='bbox 722 908 754 972; x_wconf 91' lang='lat' dir='ltr'>in</span> <span class='ocrx_word' id='word_1_28' title='bbox 775 914 841 972; x_wconf 84' lang='lat' dir='ltr'>tres</span> <span class='ocrx_word' id='word_1_29' title='bbox 861 908 1021 973; x_wconf 84' lang='lat' dir='ltr'>dividitur</span> <span class='ocrx_word' id='word_1_30' title='bbox 1036 915 1160 991; x_wconf 87' lang='lat' dir='ltr'>paries,</span> <span class='ocrx_word' id='word_1_31' title='bbox 1177 907 1285 978; x_wconf 82' lang='lat' dir='ltr'>Euro-</span> 
     </span>
     <span class='ocr_line' id='line_1_6' title="bbox 115 1009 1286 1098; baseline -0.001 -18"><span class='ocrx_word' id='word_1_32' title='bbox 115 1029 116 1032; x_wconf 74' lang='grc'>’</span> <span class='ocrx_word' id='word_1_33' title='bbox 189 1034 280 1098; x_wconf 88' lang='lat' dir='ltr'>pam,</span> <span class='ocrx_word' id='word_1_34' title='bbox 295 1013 425 1091; x_wconf 83' lang='lat' dir='ltr'>Asiam,</span> <span class='ocrx_word' id='word_1_35' title='bbox 437 1011 600 1077; x_wconf 82' lang='lat' dir='ltr'>Africam.</span> <span class='ocrx_word' id='word_1_36' title='bbox 645 1009 768 1093; x_wconf 77' lang='lat' dir='ltr'>Origob</span> <span class='ocrx_word' id='word_1_37' title='bbox 788 1012 830 1077; x_wconf 91' lang='lat' dir='ltr'>ab</span> <span class='ocrx_word' id='word_1_38' title='bbox 846 1031 972 1076; x_wconf 89' lang='lat' dir='ltr'>occasu</span> <span class='ocrx_word' id='word_1_39' title='bbox 987 1011 1078 1078; x_wconf 85' lang='lat' dir='ltr'>Solis</span> <span class='ocrx_word' id='word_1_40' title='bbox 1098 1017 1132 1077; x_wconf 88' lang='lat' dir='ltr'>et</span> <span class='ocrx_word' id='word_1_41' title='bbox 1147 1012 1286 1080; x_wconf 82' lang='lat' dir='ltr'>Gadita·</span> 
     </span>
     <span class='ocr_line' id='line_1_7' title="bbox 189 1113 1286 1200; baseline 0 -20"><span class='ocrx_word' id='word_1_42' title='bbox 189 1117 343 1192; x_wconf 84' lang='lat' dir='ltr'>noireto,</span> <span class='ocrx_word' id='word_1_43' title='bbox 360 1135 430 1200; x_wconf 88' lang='lat' dir='ltr'>qua</span> <span class='ocrx_word' id='word_1_44' title='bbox 445 1117 627 1197; x_wconf 82' lang='lat' dir='ltr'>irrumpens</span> <span class='ocrx_word' id='word_1_45' title='bbox 643 1113 802 1178; x_wconf 83' lang='lat' dir='ltr'>Oceanus</span> <span class='ocrx_word' id='word_1_46' title='bbox 817 1113 1007 1179; x_wconf 78' lang='lat' dir='ltr'>Atlanticus</span> <span class='ocrx_word' id='word_1_47' title='bbox 1029 1115 1064 1177; x_wconf 93' lang='lat' dir='ltr'>in</span> <span class='ocrx_word' id='word_1_48' title='bbox 1080 1117 1186 1180; x_wconf 87' lang='lat' dir='ltr'>maria</span> <span class='ocrx_word' id='word_1_49' title='bbox 1200 1116 1286 1180; x_wconf 89' lang='lat' dir='ltr'>iute-</span> 
     </span>
     <span class='ocr_line' id='line_1_8' title="bbox 189 1213 1287 1292; baseline 0.004 -13"><span class='ocrx_word' id='word_1_50' title='bbox 189 1217 279 1280; x_wconf 90' lang='lat' dir='ltr'>riora</span> <span class='ocrx_word' id='word_1_51' title='bbox 299 1215 502 1282; x_wconf 85' lang='lat' dir='ltr'>diffunditur.</span> <span class='ocrx_word' id='word_1_52' title='bbox 546 1215 639 1279; x_wconf 89' lang='lat' dir='ltr'>Hinc</span> <span class='ocrx_word' id='word_1_53' title='bbox 662 1215 795 1280; x_wconf 84' lang='lat' dir='ltr'>intranti</span> <span class='ocrx_word' id='word_1_54' title='bbox 821 1214 944 1280; x_wconf 83' lang='lat' dir='ltr'>dextra</span> <span class='ocrx_word' id='word_1_55' title='bbox 966 1213 1084 1282; x_wconf 77' lang='lat' dir='ltr'>Africa</span> <span class='ocrx_word' id='word_1_56' title='bbox 1107 1224 1172 1292; x_wconf 88' lang='lat' dir='ltr'>est,</span> <span class='ocrx_word' id='word_1_57' title='bbox 1198 1219 1287 1283; x_wconf 78' lang='lat' dir='ltr'>laera</span> 
     </span>
     <span class='ocr_line' id='line_1_9' title="bbox 190 1313 1284 1403; baseline 0.003 -22"><span class='ocrx_word' id='word_1_58' title='bbox 190 1317 346 1403; x_wconf 85' lang='lat' dir='ltr'>Europa:</span> <span class='ocrx_word' id='word_1_59' title='bbox 369 1321 454 1383; x_wconf 88' lang='lat' dir='ltr'>inter</span> <span class='ocrx_word' id='word_1_60' title='bbox 476 1318 559 1382; x_wconf 74' lang='grc' dir='ltr'>1ιιιεο</span> <span class='ocrx_word' id='word_1_61' title='bbox 575 1317 682 1382; x_wconf 66' lang='lat' dir='ltr'>Asiae</span> <span class='ocrx_word' id='word_1_62' title='bbox 726 1317 888 1394; x_wconf 85' lang='lat' dir='ltr'>Termini,</span> <span class='ocrx_word' id='word_1_63' title='bbox 904 1337 1018 1382; x_wconf 85' lang='lat' dir='ltr'>amnes</span> <span class='ocrx_word' id='word_1_64' title='bbox 1032 1313 1157 1384; x_wconf 85' lang='lat' dir='ltr'>Tanais</span> <span class='ocrx_word' id='word_1_65' title='bbox 1172 1326 1204 1384; x_wconf 92' lang='lat' dir='ltr'>et</span> <span class='ocrx_word' id='word_1_66' title='bbox 1220 1319 1284 1384; x_wconf 89' lang='lat' dir='ltr'>Ni·</span> 
     </span>
     <span class='ocr_line' id='line_1_10' title="bbox 188 1419 1285 1503; baseline 0.002 -19"><span class='ocrx_word' id='word_1_67' title='bbox 188 1420 254 1486; x_wconf 86' lang='lat' dir='ltr'>lus.</span> <span class='ocrx_word' id='word_1_68' title='bbox 288 1419 513 1498; x_wconf 83' lang='lat' dir='ltr'>Quindecim</span> <span class='ocrx_word' id='word_1_69' title='bbox 530 1437 569 1482; x_wconf 90' lang='grc' dir='ltr'>ιι.</span> <span class='ocrx_word' id='word_1_70' title='bbox 584 1439 675 1503; x_wconf 87' lang='lat' dir='ltr'>pass.</span> <span class='ocrx_word' id='word_1_71' title='bbox 692 1419 726 1482; x_wconf 91' lang='lat' dir='ltr'>in</span> <span class='ocrx_word' id='word_1_72' title='bbox 740 1419 992 1501; x_wconf 83' lang='lat' dir='ltr'>longitudinem,</span> <span class='ocrx_word' id='word_1_73' title='bbox 1007 1439 1095 1503; x_wconf 86' lang='lat' dir='ltr'>quas</span> <span class='ocrx_word' id='word_1_74' title='bbox 1110 1419 1285 1498; x_wconf 61' lang='lat' dir='ltr'>diximus:</span> 
     </span>
     <span class='ocr_line' id='line_1_11' title="bbox 190 1519 1285 1620; baseline 0.005 -36"><span class='ocrx_word' id='word_1_75' title='bbox 190 1521 309 1587; x_wconf 85' lang='lat' dir='ltr'>fauces</span> <span class='ocrx_word' id='word_1_76' title='bbox 336 1520 463 1586; x_wconf 86' lang='lat' dir='ltr'>Oceani</span> <span class='ocrx_word' id='word_1_77' title='bbox 487 1526 614 1604; x_wconf 88' lang='lat' dir='ltr'>patent,</span> <span class='ocrx_word' id='word_1_78' title='bbox 630 1519 780 1603; x_wconf 88' lang='lat' dir='ltr'>quinque</span> <span class='ocrx_word' id='word_1_79' title='bbox 804 1537 843 1583; x_wconf 91' lang='grc' dir='ltr'>ιι.</span> <span class='ocrx_word' id='word_1_80' title='bbox 864 1521 899 1583; x_wconf 93' lang='lat' dir='ltr'>in</span> <span class='ocrx_word' id='word_1_81' title='bbox 922 1520 1141 1620; x_wconf 85' lang='lat' dir='ltr'>latitudinem,</span> <span class='ocrx_word' id='word_1_82' title='bbox 1162 1544 1183 1588; x_wconf 90' lang='lat' dir='ltr'>a</span> <span class='ocrx_word' id='word_1_83' title='bbox 1207 1525 1285 1589; x_wconf 86' lang='lat' dir='ltr'>ricc</span> 
     </span>
     <span class='ocr_line' id='line_1_12' title="bbox 192 1621 1287 1707; baseline 0.004 -21"><span class='ocrx_word' id='word_1_84' title='bbox 192 1623 349 1688; x_wconf 89' lang='lat' dir='ltr'>Mellaria</span> <span class='ocrx_word' id='word_1_85' title='bbox 365 1623 544 1707; x_wconf 88' lang='lat' dir='ltr'>Hispaniae</span> <span class='ocrx_word' id='word_1_86' title='bbox 560 1621 603 1686; x_wconf 88' lang='lat' dir='ltr'>ad</span> <span class='ocrx_word' id='word_1_87' title='bbox 627 1625 887 1704; x_wconf 88' lang='lat' dir='ltr'>promontorium</span> <span class='ocrx_word' id='word_1_88' title='bbox 901 1621 1027 1688; x_wconf 81' lang='lat' dir='ltr'>Airicae</span> <span class='ocrx_word' id='word_1_89' title='bbox 1042 1621 1193 1703; x_wconf 85' lang='lat' dir='ltr'>Album,</span> <span class='ocrx_word' id='word_1_90' title='bbox 1205 1645 1287 1691; x_wconf 90' lang='lat' dir='ltr'>auc</span> 
     </span>
     <span class='ocr_line' id='line_1_13' title="bbox 189 1723 1286 1812; baseline 0.004 -24"><span class='ocrx_word' id='word_1_91' title='bbox 189 1731 260 1790; x_wconf 90' lang='lat' dir='ltr'>tore</span> <span class='ocrx_word' id='word_1_92' title='bbox 282 1727 446 1790; x_wconf 83' lang='lat' dir='ltr'>Turranio</span> <span class='ocrx_word' id='word_1_93' title='bbox 469 1723 621 1790; x_wconf 87' lang='lat' dir='ltr'>Gracili⁹</span> <span class='ocrx_word' id='word_1_94' title='bbox 636 1723 739 1808; x_wconf 85' lang='lat' dir='ltr'>juxta</span> <span class='ocrx_word' id='word_1_95' title='bbox 754 1725 879 1807; x_wconf 80' lang='lat' dir='ltr'>genito</span> <span class='ocrx_word' id='word_1_96' title='bbox 911 1725 951 1788; x_wconf 94' lang='lat' dir='ltr'>T.</span> <span class='ocrx_word' id='word_1_97' title='bbox 969 1725 1096 1804; x_wconf 87' lang='lat' dir='ltr'>Livius,</span> <span class='ocrx_word' id='word_1_98' title='bbox 1110 1745 1151 1792; x_wconf 92' lang='lat' dir='ltr'>ac</span> <span class='ocrx_word' id='word_1_99' title='bbox 1167 1726 1286 1812; x_wconf 82' lang='lat' dir='ltr'>Nepos</span> 
     </span>
     <span class='ocr_line' id='line_1_14' title="bbox 190 1827 1289 1912; baseline 0 -18"><span class='ocrx_word' id='word_1_100' title='bbox 190 1828 365 1894; x_wconf 84' lang='lat' dir='ltr'>Cornelius</span> <span class='ocrx_word' id='word_1_101' title='bbox 379 1827 570 1893; x_wconf 82' lang='lat' dir='ltr'>latitudinis</span> <span class='ocrx_word' id='word_1_102' title='bbox 581 1827 800 1906; x_wconf 87' lang='lat' dir='ltr'>tradiderunt,</span> <span class='ocrx_word' id='word_1_103' title='bbox 813 1829 869 1892; x_wconf 90' lang='lat' dir='ltr'>ubi</span> <span class='ocrx_word' id='word_1_104' title='bbox 881 1829 1046 1905; x_wconf 70' lang='grc' dir='ltr'>ιιιίιιιιε,101</span> <span class='ocrx_word' id='word_1_105' title='bbox 1061 1845 1129 1892; x_wconf 83' lang='grc' dir='ltr'><strong>ιιι.</strong></span> <span class='ocrx_word' id='word_1_106' title='bbox 1142 1846 1181 1893; x_wconf 83' lang='grc' dir='ltr'>ιι.</span> <span class='ocrx_word' id='word_1_107' title='bbox 1193 1849 1289 1912; x_wconf 76' lang='lat' dir='ltr'>pase,</span> 
     </span>
     <span class='ocr_line' id='line_1_15' title="bbox 189 1917 1285 2014; baseline 0.004 -20"><span class='ocrx_word' id='word_1_108' title='bbox 189 1931 248 1994; x_wconf 90' lang='lat' dir='ltr'>ubi</span> <span class='ocrx_word' id='word_1_109' title='bbox 262 1951 341 1995; x_wconf 85' lang='lat' dir='ltr'>vero</span> <span class='ocrx_word' id='word_1_110' title='bbox 356 1917 547 2014; x_wconf 87' lang='lat' dir='ltr'>plurimum,</span> <span class='ocrx_word' id='word_1_111' title='bbox 564 1946 605 1994; x_wconf 84' lang='lat' dir='ltr'>x.</span> <span class='ocrx_word' id='word_1_112' title='bbox 623 1947 661 1992; x_wconf 94' lang='grc' dir='ltr'>ιι.</span> <span class='ocrx_word' id='word_1_113' title='bbox 705 1931 791 1994; x_wconf 90' lang='lat' dir='ltr'>Tam</span> <span class='ocrx_word' id='word_1_114' title='bbox 814 1929 949 1995; x_wconf 88' lang='lat' dir='ltr'>modico</span> <span class='ocrx_word' id='word_1_115' title='bbox 967 1949 1024 1994; x_wconf 89' lang='lat' dir='ltr'>ore</span> <span class='ocrx_word' id='word_1_116' title='bbox 1039 1935 1105 1994; x_wconf 86' lang='lat' dir='ltr'>tam</span> <span class='ocrx_word' id='word_1_117' title='bbox 1120 1931 1285 1998; x_wconf 88' lang='lat' dir='ltr'>immensa</span> 
     </span>
     <span class='ocr_line' id='line_1_16' title="bbox 189 2031 1287 2116; baseline -0.001 -18"><span class='ocrx_word' id='word_1_118' title='bbox 189 2051 360 2114; x_wconf 74' lang='lat' dir='ltr'>aequorum</span> <span class='ocrx_word' id='word_1_119' title='bbox 375 2036 515 2098; x_wconf 85' lang='lat' dir='ltr'>vastitas</span> <span class='ocrx_word' id='word_1_120' title='bbox 530 2031 697 2116; x_wconf 89' lang='lat' dir='ltr'>panditur.</span> <span class='ocrx_word' id='word_1_121' title='bbox 743 2031 819 2096; x_wconf 88' lang='lat' dir='ltr'>Nec</span> <span class='ocrx_word' id='word_1_122' title='bbox 840 2031 1006 2114; x_wconf 84' lang='lat' dir='ltr'>profunda</span> <span class='ocrx_word' id='word_1_123' title='bbox 1028 2032 1169 2096; x_wconf 88' lang='lat' dir='ltr'>altitudo</span> <span class='ocrx_word' id='word_1_124' title='bbox 1188 2034 1287 2097; x_wconf 86' lang='lat' dir='ltr'>mira·</span> 
     </span>
     <span class='ocr_line' id='line_1_17' title="bbox 115 2127 1285 2214; baseline 0.003 -20"><span class='ocrx_word' id='word_1_125' title='bbox 115 2127 121 2138; x_wconf 83' lang='lat'>&#39;</span> <span class='ocrx_word' id='word_1_126' title='bbox 190 2131 303 2195; x_wconf 91' lang='lat' dir='ltr'>culum</span> <span class='ocrx_word' id='word_1_127' title='bbox 318 2134 447 2197; x_wconf 87' lang='lat' dir='ltr'>minuit.</span> <span class='ocrx_word' id='word_1_128' title='bbox 473 2129 700 2214; x_wconf 73' lang='lat' dir='ltr'>Frequentes¹¹</span> <span class='ocrx_word' id='word_1_129' title='bbox 716 2133 842 2212; x_wconf 91' lang='lat' dir='ltr'>quippe</span> <span class='ocrx_word' id='word_1_130' title='bbox 857 2131 969 2195; x_wconf 77' lang='lat' dir='ltr'>taeniae</span> <span class='ocrx_word' id='word_1_131' title='bbox 983 2129 1192 2194; x_wconf 88' lang='lat' dir='ltr'>candicantis</span> <span class='ocrx_word' id='word_1_132' title='bbox 1208 2133 1285 2198; x_wconf 85' lang='lat' dir='ltr'>radi</span> 
     </span>
     <span class='ocr_line' id='line_1_18' title="bbox 189 2228 1286 2310; baseline 0.003 -15"><span class='ocrx_word' id='word_1_133' title='bbox 189 2233 321 2296; x_wconf 87' lang='lat' dir='ltr'>carinas</span> <span class='ocrx_word' id='word_1_134' title='bbox 336 2235 498 2297; x_wconf 88' lang='lat' dir='ltr'>territant.</span> <span class='ocrx_word' id='word_1_135' title='bbox 542 2231 621 2310; x_wconf 82' lang='lat' dir='ltr'>Qua</span> <span class='ocrx_word' id='word_1_136' title='bbox 636 2231 678 2292; x_wconf 90' lang='lat' dir='ltr'>de</span> <span class='ocrx_word' id='word_1_137' title='bbox 695 2247 799 2294; x_wconf 88' lang='lat' dir='ltr'>causa</span> <span class='ocrx_word' id='word_1_138' title='bbox 812 2229 929 2293; x_wconf 87' lang='lat' dir='ltr'>Limen</span> <span class='ocrx_word' id='word_1_139' title='bbox 943 2228 1062 2292; x_wconf 84' lang='lat' dir='ltr'>interni</span> <span class='ocrx_word' id='word_1_140' title='bbox 1074 2231 1177 2294; x_wconf 86' lang='lat' dir='ltr'>maris</span> <span class='ocrx_word' id='word_1_141' title='bbox 1189 2233 1286 2298; x_wconf 86' lang='lat' dir='ltr'>nurlti</span> 
     </span>
     <span class='ocr_line' id='line_1_19' title="bbox 190 2327 1284 2415; baseline 0.004 -21"><span class='ocrx_word' id='word_1_142' title='bbox 190 2349 266 2395; x_wconf 92' lang='lat' dir='ltr'>eum</span> <span class='ocrx_word' id='word_1_143' title='bbox 294 2333 408 2397; x_wconf 90' lang='lat' dir='ltr'>locum</span> <span class='ocrx_word' id='word_1_144' title='bbox 443 2331 664 2415; x_wconf 83' lang='lat' dir='ltr'>appellavere.</span> <span class='ocrx_word' id='word_1_145' title='bbox 722 2329 892 2393; x_wconf 86' lang='lat' dir='ltr'>Proximis</span> <span class='ocrx_word' id='word_1_146' title='bbox 928 2327 1090 2392; x_wconf 76' lang='lat' dir='ltr'>autem¹¹i</span> <span class='ocrx_word' id='word_1_147' title='bbox 1127 2330 1284 2397; x_wconf 83' lang='lat' dir='ltr'>lancibus</span> 
     </span>
    </p>
   </div>
   <div class='ocr_carea' id='block_1_3' title="bbox 187 2623 1287 3009">
    <p class='ocr_par' dir='ltr' id='par_1_4' title="bbox 187 2623 1285 3008">
     <span class='ocr_line' id='line_1_20' title="bbox 188 2623 1284 2689; baseline 0.004 -15"><span class='ocrx_word' id='word_1_148' title='bbox 188 2627 204 2674; x_wconf 78' lang='grc'><strong>’1</strong></span> <span class='ocrx_word' id='word_1_149' title='bbox 222 2623 305 2676; x_wconf 81' lang='lat' dir='ltr'>cuim.</span> <span class='ocrx_word' id='word_1_150' title='bbox 317 2625 388 2674; x_wconf 86' lang='lat' dir='ltr'>delet</span> <span class='ocrx_word' id='word_1_151' title='bbox 399 2623 471 2686; x_wconf 71' lang='lat' dir='ltr'>alet,</span> <span class='ocrx_word' id='word_1_152' title='bbox 483 2626 844 2689; x_wconf 77' lang='lat' dir='ltr'>probanteDaleeampio.-8</span> <span class='ocrx_word' id='word_1_153' title='bbox 862 2624 904 2674; x_wconf 87' lang='lat' dir='ltr'>lta</span> <span class='ocrx_word' id='word_1_154' title='bbox 916 2623 999 2675; x_wconf 79' lang='lat' dir='ltr'>cruffi</span> <span class='ocrx_word' id='word_1_155' title='bbox 1016 2627 1116 2676; x_wconf 81' lang='lat' dir='ltr'>interl</span> <span class='ocrx_word' id='word_1_156' title='bbox 1127 2626 1161 2678; x_wconf 74' lang='lat' dir='ltr'>A.</span> <span class='ocrx_word' id='word_1_157' title='bbox 1176 2634 1213 2678; x_wconf 86' lang='lat' dir='ltr'>ert</span> <span class='ocrx_word' id='word_1_158' title='bbox 1224 2628 1284 2683; x_wconf 88' lang='lat' dir='ltr'>edd.</span> 
     </span>
     <span class='ocr_line' id='line_1_21' title="bbox 188 2689 1284 2754; baseline 0.004 -16"><span class='ocrx_word' id='word_1_159' title='bbox 188 2697 253 2740; x_wconf 82' lang='lat' dir='ltr'>vett.</span> <span class='ocrx_word' id='word_1_160' title='bbox 266 2691 326 2740; x_wconf 87' lang='lat' dir='ltr'>irent</span> <span class='ocrx_word' id='word_1_161' title='bbox 339 2689 463 2740; x_wconf 85' lang='lat' dir='ltr'>llarduin.</span> <span class='ocrx_word' id='word_1_162' title='bbox 472 2694 498 2740; x_wconf 97' lang='grc'>2.</span> <span class='ocrx_word' id='word_1_163' title='bbox 509 2693 533 2741; x_wconf 89' lang='grc'>2.</span> <span class='ocrx_word' id='word_1_164' title='bbox 550 2691 646 2740; x_wconf 86' lang='lat' dir='ltr'>Miller.</span> <span class='ocrx_word' id='word_1_165' title='bbox 658 2691 689 2739; x_wconf 89' lang='lat' dir='ltr'>Bi</span> <span class='ocrx_word' id='word_1_166' title='bbox 694 2701 764 2752; x_wconf 89' lang='lat' dir='ltr'>pont.</span> <span class='ocrx_word' id='word_1_167' title='bbox 778 2697 805 2740; x_wconf 89' lang='lat' dir='ltr'>et</span> <span class='ocrx_word' id='word_1_168' title='bbox 817 2691 907 2738; x_wconf 79' lang='lat' dir='ltr'>Fraus</span> <span class='ocrx_word' id='word_1_169' title='bbox 910 2695 958 2739; x_wconf 85' lang='grc'>-2</span> <span class='ocrx_word' id='word_1_170' title='bbox 970 2689 1011 2738; x_wconf 78' lang='lat' dir='ltr'>lte</span> <span class='ocrx_word' id='word_1_171' title='bbox 1024 2697 1076 2740; x_wconf 85' lang='lat' dir='ltr'>ret.</span> <span class='ocrx_word' id='word_1_172' title='bbox 1087 2691 1177 2742; x_wconf 80' lang='lat' dir='ltr'>Delec.</span> <span class='ocrx_word' id='word_1_173' title='bbox 1190 2693 1250 2754; x_wconf 77' lang='lat' dir='ltr'>aliia</span> <span class='ocrx_word' id='word_1_174' title='bbox 1253 2709 1284 2742; x_wconf 87' lang='lat' dir='ltr'>ue</span> 
     </span>
     <span class='ocr_line' id='line_1_22' title="bbox 190 2753 1287 2816; baseline 0.002 -14"><span class='ocrx_word' id='word_1_175' title='bbox 190 2753 267 2802; x_wconf 86' lang='lat' dir='ltr'>codd.</span> <span class='ocrx_word' id='word_1_176' title='bbox 259 2768 316 2816; x_wconf 86' lang='lat' dir='ltr'>.ap.</span> <span class='ocrx_word' id='word_1_177' title='bbox 328 2753 455 2802; x_wconf 82' lang='lat' dir='ltr'>Herduin.</span> <span class='ocrx_word' id='word_1_178' title='bbox 463 2755 525 2803; x_wconf 88' lang='lat' dir='ltr'>itenr</span> <span class='ocrx_word' id='word_1_179' title='bbox 536 2753 597 2803; x_wconf 91' lang='lat' dir='ltr'>edd.</span> <span class='ocrx_word' id='word_1_180' title='bbox 607 2755 769 2805; x_wconf 76' lang='lat' dir='ltr'>ilerdam-l.</span> <span class='ocrx_word' id='word_1_181' title='bbox 780 2760 804 2804; x_wconf 88' lang='grc'><strong>2.</strong></span> <span class='ocrx_word' id='word_1_182' title='bbox 816 2759 841 2802; x_wconf 89' lang='grc'><strong>2.</strong></span> <span class='ocrx_word' id='word_1_183' title='bbox 858 2753 955 2802; x_wconf 86' lang='lat' dir='ltr'>Miller.</span> <span class='ocrx_word' id='word_1_184' title='bbox 966 2755 998 2802; x_wconf 89' lang='lat' dir='ltr'>Bi</span> <span class='ocrx_word' id='word_1_185' title='bbox 1020 2762 1073 2806; x_wconf 88' lang='lat' dir='ltr'>ont.</span> <span class='ocrx_word' id='word_1_186' title='bbox 1082 2763 1109 2803; x_wconf 87' lang='lat' dir='ltr'>et</span> <span class='ocrx_word' id='word_1_187' title='bbox 1122 2755 1213 2804; x_wconf 82' lang='lat' dir='ltr'>Franz.</span> <span class='ocrx_word' id='word_1_188' title='bbox 1226 2757 1287 2806; x_wconf 85' lang='lat' dir='ltr'>Tar·</span> 
     </span>
     <span class='ocr_line' id='line_1_23' title="bbox 187 2814 1286 2882; baseline 0.005 -18"><span class='ocrx_word' id='word_1_189' title='bbox 187 2818 255 2864; x_wconf 76' lang='lat' dir='ltr'>rasio</span> <span class='ocrx_word' id='word_1_190' title='bbox 268 2819 386 2867; x_wconf 77' lang='lat' dir='ltr'>Grecatlu</span> <span class='ocrx_word' id='word_1_191' title='bbox 399 2819 457 2867; x_wconf 90' lang='lat' dir='ltr'>edd.</span> <span class='ocrx_word' id='word_1_192' title='bbox 471 2825 533 2867; x_wconf 87' lang='lat' dir='ltr'>rett.</span> <span class='ocrx_word' id='word_1_193' title='bbox 545 2827 605 2868; x_wconf 86' lang='lat' dir='ltr'>ante</span> <span class='ocrx_word' id='word_1_194' title='bbox 619 2817 745 2868; x_wconf 77' lang='lat' dir='ltr'>lierdurn</span> <span class='ocrx_word' id='word_1_195' title='bbox 747 2823 811 2866; x_wconf 95' lang='grc'>-12</span> <span class='ocrx_word' id='word_1_196' title='bbox 829 2817 870 2866; x_wconf 83' lang='lat' dir='ltr'>lta</span> <span class='ocrx_word' id='word_1_197' title='bbox 884 2814 969 2866; x_wconf 77' lang='lat' dir='ltr'>cutm.</span> <span class='ocrx_word' id='word_1_198' title='bbox 1013 2833 1070 2882; x_wconf 78' lang='lat' dir='ltr'>agg.</span> <span class='ocrx_word' id='word_1_199' title='bbox 1083 2817 1212 2867; x_wconf 85' lang='lat' dir='ltr'>ilarduiu.</span> <span class='ocrx_word' id='word_1_200' title='bbox 1225 2825 1248 2869; x_wconf 92' lang='lat' dir='ltr'>l.</span> <span class='ocrx_word' id='word_1_201' title='bbox 1260 2825 1286 2870; x_wconf 88' lang='grc'>2.</span> 
     </span>
     <span class='ocr_line' id='line_1_24' title="bbox 191 2834 1285 2944; baseline 0.003 -14"><span class='ocrx_word' id='word_1_202' title='bbox 191 2881 263 2930; x_wconf 85' lang='lat' dir='ltr'>Colb.</span> <span class='ocrx_word' id='word_1_203' title='bbox 275 2886 297 2931; x_wconf 94' lang='grc'>1.</span> <span class='ocrx_word' id='word_1_204' title='bbox 308 2885 333 2931; x_wconf 90' lang='grc'>2.</span> <span class='ocrx_word' id='word_1_205' title='bbox 345 2891 371 2930; x_wconf 86' lang='lat' dir='ltr'>et</span> <span class='ocrx_word' id='word_1_206' title='bbox 384 2883 467 2932; x_wconf 80' lang='lat' dir='ltr'>Paris.</span> <span class='ocrx_word' id='word_1_207' title='bbox 478 2881 542 2932; x_wconf 88' lang='lat' dir='ltr'>rtem</span> <span class='ocrx_word' id='word_1_208' title='bbox 553 2882 612 2932; x_wconf 85' lang='lat' dir='ltr'>edd</span> <span class='ocrx_word' id='word_1_209' title='bbox 626 2882 753 2931; x_wconf 84' lang='lat' dir='ltr'>lierduin.</span> <span class='ocrx_word' id='word_1_210' title='bbox 763 2887 785 2930; x_wconf 95' lang='grc'>1.</span> <span class='ocrx_word' id='word_1_211' title='bbox 797 2885 821 2930; x_wconf 85' lang='grc'>2</span> <span class='ocrx_word' id='word_1_212' title='bbox 832 2887 857 2930; x_wconf 97' lang='grc'>2</span> <span class='ocrx_word' id='word_1_213' title='bbox 875 2881 970 2930; x_wconf 81' lang='lat' dir='ltr'>Miller</span> <span class='ocrx_word' id='word_1_214' title='bbox 983 2834 1089 2944; x_wconf 88' lang='lat' dir='ltr'>Bipout.</span> <span class='ocrx_word' id='word_1_215' title='bbox 1102 2889 1129 2931; x_wconf 87' lang='lat' dir='ltr'>et</span> <span class='ocrx_word' id='word_1_216' title='bbox 1142 2883 1230 2932; x_wconf 78' lang='lat' dir='ltr'>Franz.</span> <span class='ocrx_word' id='word_1_217' title='bbox 1244 2885 1285 2933; x_wconf 82' lang='lat' dir='ltr'>ali</span> 
     </span>
     <span class='ocr_line' id='line_1_25' title="bbox 188 2945 1286 3009; baseline 0.001 -16"><span class='ocrx_word' id='word_1_218' title='bbox 188 2945 652 3008; x_wconf 65' lang='grc' dir='ltr'><strong>ιιιίιιίιιιιιιιιιιΙᾱ..1ιιιιι.ΒιιιίΙ.Ιιιις(1.</strong></span> <span class='ocrx_word' id='word_1_219' title='bbox 666 2945 871 3009; x_wconf 63' lang='lat' dir='ltr'>arcamarcaa</span> <span class='ocrx_word' id='word_1_220' title='bbox 883 2949 956 2993; x_wconf 89' lang='grc'><strong>1626.</strong></span> <span class='ocrx_word' id='word_1_221' title='bbox 970 2945 1059 2994; x_wconf 76' lang='lat' dir='ltr'>Doleo.</span> <span class='ocrx_word' id='word_1_222' title='bbox 1070 2946 1125 2994; x_wconf 79' lang='lat' dir='ltr'>Ele.</span> <span class='ocrx_word' id='word_1_223' title='bbox 1135 2948 1286 2997; x_wconf 82' lang='lat' dir='ltr'>erGroncv.</span> 
     </span>
    </p>
   </div>
   <div class='ocr_carea' id='block_1_4' title="bbox 189 3007 1373 3070">
    <p class='ocr_par' dir='ltr' id='par_1_5' title="bbox 189 3007 1373 3070">
     <span class='ocr_line' id='line_1_26' title="bbox 189 3007 1373 3070; baseline 0.002 -14"><span class='ocrx_word' id='word_1_224' title='bbox 189 3013 252 3056; x_wconf 92' lang='grc'>-11</span> <span class='ocrx_word' id='word_1_225' title='bbox 272 3009 313 3058; x_wconf 86' lang='lat' dir='ltr'>lta</span> <span class='ocrx_word' id='word_1_226' title='bbox 325 3007 409 3058; x_wconf 83' lang='lat' dir='ltr'>chiffl.</span> <span class='ocrx_word' id='word_1_227' title='bbox 421 3025 478 3060; x_wconf 89' lang='lat' dir='ltr'>cunr</span> <span class='ocrx_word' id='word_1_228' title='bbox 492 3011 551 3060; x_wconf 86' lang='lat' dir='ltr'>edd.</span> <span class='ocrx_word' id='word_1_229' title='bbox 563 3009 692 3060; x_wconf 85' lang='lat' dir='ltr'>Harduin.</span> <span class='ocrx_word' id='word_1_230' title='bbox 705 3015 729 3058; x_wconf 93' lang='grc'>1.</span> <span class='ocrx_word' id='word_1_231' title='bbox 741 3015 766 3059; x_wconf 85' lang='grc'>2.</span> <span class='ocrx_word' id='word_1_232' title='bbox 777 3013 802 3058; x_wconf 90' lang='grc'>2.</span> <span class='ocrx_word' id='word_1_233' title='bbox 820 3008 916 3056; x_wconf 86' lang='lat' dir='ltr'>Miller.</span> <span class='ocrx_word' id='word_1_234' title='bbox 930 3007 1034 3069; x_wconf 86' lang='lat' dir='ltr'>llipont.</span> <span class='ocrx_word' id='word_1_235' title='bbox 1047 3016 1074 3056; x_wconf 88' lang='lat' dir='ltr'>et</span> <span class='ocrx_word' id='word_1_236' title='bbox 1087 3009 1177 3061; x_wconf 73' lang='lat' dir='ltr'>Franz.</span> <span class='ocrx_word' id='word_1_237' title='bbox 1197 3013 1285 3060; x_wconf 78' lang='lat' dir='ltr'>Proxi-</span> <span class='ocrx_word' id='word_1_238' title='bbox 1371 3065 1373 3070; x_wconf 66' lang='lat'>,</span> 
     </span>
    </p>
   </div>
   <div class='ocr_carea' id='block_1_5' title="bbox 189 3071 1285 3138">
    <p class='ocr_par' dir='ltr' id='par_1_6' title="bbox 189 3071 1285 3138">
     <span class='ocr_line' id='line_1_27' title="bbox 189 3071 1285 3138; baseline 0 -14"><span class='ocrx_word' id='word_1_239' title='bbox 189 3079 314 3124; x_wconf 69' lang='lat' dir='ltr'>mentera</span> <span class='ocrx_word' id='word_1_240' title='bbox 325 3074 384 3125; x_wconf 87' lang='lat' dir='ltr'>edd.</span> <span class='ocrx_word' id='word_1_241' title='bbox 395 3083 458 3126; x_wconf 84' lang='lat' dir='ltr'>retr.</span> <span class='ocrx_word' id='word_1_242' title='bbox 492 3077 565 3132; x_wconf 83' lang='lat' dir='ltr'>Mox,</span> <span class='ocrx_word' id='word_1_243' title='bbox 577 3088 665 3138; x_wconf 75' lang='lat' dir='ltr'>margo</span> <span class='ocrx_word' id='word_1_244' title='bbox 677 3075 737 3125; x_wconf 88' lang='lat' dir='ltr'>edd</span> <span class='ocrx_word' id='word_1_245' title='bbox 751 3074 843 3124; x_wconf 84' lang='lat' dir='ltr'>Dalee.</span> <span class='ocrx_word' id='word_1_246' title='bbox 853 3081 881 3122; x_wconf 87' lang='lat' dir='ltr'>et</span> <span class='ocrx_word' id='word_1_247' title='bbox 893 3071 1008 3132; x_wconf 73' lang='lat' dir='ltr'>Gronov.</span> <span class='ocrx_word' id='word_1_248' title='bbox 1020 3071 1285 3126; x_wconf 78' lang='lat' dir='ltr'>ea&#39;e&#39;reeatralaliclau</span> 
     </span>
    </p>
   </div>
   <div class='ocr_carea' id='block_1_6' title="bbox 684 3219 791 3270">
    <p class='ocr_par' dir='ltr' id='par_1_7' title="bbox 684 3219 791 3270">
     <span class='ocr_line' id='line_1_28' title="bbox 684 3219 791 3270; baseline 0 0"><span class='ocrx_word' id='word_1_249' title='bbox 684 3219 791 3270; x_wconf 83' lang='lat' dir='ltr'>NOTAE</span> 
     </span>
    </p>
   </div>
   <div class='ocr_carea' id='block_1_7' title="bbox 107 3329 1287 3396">
    <p class='ocr_par' dir='ltr' id='par_1_8' title="bbox 107 3329 1287 3396">
     <span class='ocr_line' id='line_1_29' title="bbox 107 3329 1287 3396; baseline 0.006 -19"><span class='ocrx_word' id='word_1_250' title='bbox 107 3367 112 3374; x_wconf 93' lang='lat'>.</span> <span class='ocrx_word' id='word_1_251' title='bbox 221 3329 717 3394; x_wconf 68' lang='lat' dir='ltr'>btir-r’go]Melrnrrequitur,iterari·</span> <span class='ocrx_word' id='word_1_252' title='bbox 791 3331 871 3382; x_wconf 72' lang='lat' dir='ltr'>strat</span> <span class='ocrx_word' id='word_1_253' title='bbox 888 3332 976 3396; x_wconf 76' lang='lat' dir='ltr'>maer]</span> <span class='ocrx_word' id='word_1_254' title='bbox 999 3331 1051 3382; x_wconf 90' lang='lat' dir='ltr'>Ubi</span> <span class='ocrx_word' id='word_1_255' title='bbox 1073 3333 1221 3395; x_wconf 84' lang='lat' dir='ltr'>plurimam,</span> <span class='ocrx_word' id='word_1_256' title='bbox 1242 3334 1287 3384; x_wconf 86' lang='lat' dir='ltr'>de·</span> 
     </span>
    </p>
   </div>
   <div class='ocr_carea' id='block_1_8' title="bbox 189 3405 1344 4382">
    <p class='ocr_par' dir='ltr' id='par_1_9' title="bbox 189 3405 1344 4382">
     <span class='ocr_line' id='line_1_30' title="bbox 190 3405 1285 3470; baseline 0.003 -17"><span class='ocrx_word' id='word_1_257' title='bbox 190 3405 296 3454; x_wconf 79' lang='lat' dir='ltr'>beatem</span> <span class='ocrx_word' id='word_1_258' title='bbox 316 3420 334 3455; x_wconf 95' lang='grc' dir='ltr'>ι.</span> <span class='ocrx_word' id='word_1_259' title='bbox 350 3409 376 3454; x_wconf 84' lang='grc'>1.</span> <span class='ocrx_word' id='word_1_260' title='bbox 397 3407 483 3466; x_wconf 81' lang='lat' dir='ltr'>operis</span> <span class='ocrx_word' id='word_1_261' title='bbox 500 3407 533 3454; x_wconf 90' lang='lat' dir='ltr'>de</span> <span class='ocrx_word' id='word_1_262' title='bbox 553 3407 603 3456; x_wconf 80' lang='lat' dir='ltr'>altu</span> <span class='ocrx_word' id='word_1_263' title='bbox 623 3407 716 3458; x_wconf 78' lang='lat' dir='ltr'>Orbis:</span> <span class='ocrx_word' id='word_1_264' title='bbox 759 3421 832 3458; x_wconf 81' lang='lat' dir='ltr'>cent:</span> <span class='ocrx_word' id='word_1_265' title='bbox 851 3407 1122 3470; x_wconf 77' lang='lat' dir='ltr'>nitiminrre,repternr</span> <span class='ocrx_word' id='word_1_266' title='bbox 1149 3409 1193 3458; x_wconf 86' lang='lat' dir='ltr'>ulti</span> <span class='ocrx_word' id='word_1_267' title='bbox 1211 3412 1285 3460; x_wconf 82' lang='lat' dir='ltr'>nrini.</span> 
     </span>
     <span class='ocr_line' id='line_1_31' title="bbox 189 3479 1286 3546; baseline 0.005 -18"><span class='ocrx_word' id='word_1_268' title='bbox 189 3479 285 3528; x_wconf 78' lang='lat' dir='ltr'>‘Nunc</span> <span class='ocrx_word' id='word_1_269' title='bbox 296 3480 432 3538; x_wconf 54' lang='lat' dir='ltr'>exactius(</span> <span class='ocrx_word' id='word_1_270' title='bbox 451 3481 630 3544; x_wconf 83' lang='lat' dir='ltr'>lnquit,‘orat</span> <span class='ocrx_word' id='word_1_271' title='bbox 642 3483 718 3531; x_wconf 79' lang='lat' dir='ltr'>ritut-</span> <span class='ocrx_word' id='word_1_272' title='bbox 758 3497 837 3538; x_wconf 85' lang='lat' dir='ltr'>tuum,</span> <span class='ocrx_word' id='word_1_273' title='bbox 854 3483 966 3546; x_wconf 82' lang='lat' dir='ltr'>qrrinque</span> <span class='ocrx_word' id='word_1_274' title='bbox 984 3482 1048 3532; x_wconf 85' lang='lat' dir='ltr'>mill.</span> <span class='ocrx_word' id='word_1_275' title='bbox 1066 3497 1132 3544; x_wconf 81' lang='lat' dir='ltr'>part.</span> <span class='ocrx_word' id='word_1_276' title='bbox 1149 3490 1177 3531; x_wconf 88' lang='lat' dir='ltr'>ut</span> <span class='ocrx_word' id='word_1_277' title='bbox 1189 3483 1286 3534; x_wconf 86' lang='lat' dir='ltr'>dictum</span> 
     </span>
     <span class='ocr_line' id='line_1_32' title="bbox 191 3555 1286 3621; baseline 0.005 -16"><span class='ocrx_word' id='word_1_278' title='bbox 191 3569 241 3621; x_wconf 86' lang='lat' dir='ltr'>que</span> <span class='ocrx_word' id='word_1_279' title='bbox 250 3555 430 3616; x_wconf 86' lang='lat' dir='ltr'>dicturo,inde</span> <span class='ocrx_word' id='word_1_280' title='bbox 438 3565 477 3604; x_wconf 85' lang='lat' dir='ltr'>est</span> <span class='ocrx_word' id='word_1_281' title='bbox 487 3557 718 3606; x_wconf 76' lang='lat' dir='ltr'>commodissimum</span> <span class='ocrx_word' id='word_1_282' title='bbox 759 3567 800 3608; x_wconf 83' lang='lat' dir='ltr'>est</span> <span class='ocrx_word' id='word_1_283' title='bbox 818 3559 934 3621; x_wconf 83' lang='lat' dir='ltr'>proxime</span> <span class='ocrx_word' id='word_1_284' title='bbox 951 3563 1037 3606; x_wconf 78' lang='lat' dir='ltr'>autea.</span> <span class='ocrx_word' id='word_1_285' title='bbox 1071 3557 1139 3605; x_wconf 84' lang='lat' dir='ltr'>Vide</span> <span class='ocrx_word' id='word_1_286' title='bbox 1158 3558 1242 3607; x_wconf 81' lang='lat' dir='ltr'>Notae</span> <span class='ocrx_word' id='word_1_287' title='bbox 1259 3567 1286 3610; x_wconf 86' lang='lat' dir='ltr'>et</span> 
     </span>
     <span class='ocr_line' id='line_1_33' title="bbox 189 3629 986 3693; baseline 0.005 -15"><span class='ocrx_word' id='word_1_288' title='bbox 189 3630 315 3692; x_wconf 85' lang='lat' dir='ltr'>incipere,</span> <span class='ocrx_word' id='word_1_289' title='bbox 328 3629 395 3678; x_wconf 87' lang='lat' dir='ltr'>uude</span> <span class='ocrx_word' id='word_1_290' title='bbox 413 3636 497 3678; x_wconf 83' lang='lat' dir='ltr'>terras</span> <span class='ocrx_word' id='word_1_291' title='bbox 516 3638 631 3679; x_wconf 83' lang='lat' dir='ltr'>nostrum</span> <span class='ocrx_word' id='word_1_292' title='bbox 649 3631 719 3693; x_wconf 83' lang='lat' dir='ltr'>pela-</span> <span class='ocrx_word' id='word_1_293' title='bbox 759 3633 867 3683; x_wconf 85' lang='lat' dir='ltr'>Emeud.</span> <span class='ocrx_word' id='word_1_294' title='bbox 880 3647 949 3680; x_wconf 84' lang='lat' dir='ltr'>nunt.</span> <span class='ocrx_word' id='word_1_295' title='bbox 963 3637 986 3682; x_wconf 92' lang='grc'>1.</span> 
     </span>
     <span class='ocr_line' id='line_1_34' title="bbox 190 3704 1286 3772; baseline 0 -18"><span class='ocrx_word' id='word_1_296' title='bbox 190 3719 237 3768; x_wconf 71' lang='lat' dir='ltr'>gar</span> <span class='ocrx_word' id='word_1_297' title='bbox 248 3704 411 3768; x_wconf 81' lang='lat' dir='ltr'>ingreditur,¹</span> <span class='ocrx_word' id='word_1_298' title='bbox 421 3708 471 3754; x_wconf 73' lang='lat' dir='ltr'>dec.</span> <span class='ocrx_word' id='word_1_299' title='bbox 678 3743 682 3751; x_wconf 94' lang='lat'>.</span> <span class='ocrx_word' id='word_1_300' title='bbox 790 3707 802 3742; x_wconf 67' lang='grc'><strong>1</strong></span> <span class='ocrx_word' id='word_1_301' title='bbox 820 3709 977 3772; x_wconf 72' lang='lat' dir='ltr'>Frequenter]</span> <span class='ocrx_word' id='word_1_302' title='bbox 996 3705 1070 3756; x_wconf 77' lang='lat' dir='ltr'>Adeo</span> <span class='ocrx_word' id='word_1_303' title='bbox 1080 3723 1168 3772; x_wconf 78' lang='lat' dir='ltr'>perum</span> <span class='ocrx_word' id='word_1_304' title='bbox 1179 3710 1286 3772; x_wconf 81' lang='lat' dir='ltr'>deprer.</span> 
     </span>
     <span class='ocr_line' id='line_1_35' title="bbox 223 3777 1286 3850; baseline 0.008 -23"><span class='ocrx_word' id='word_1_305' title='bbox 223 3787 234 3815; x_wconf 64' lang='grc' dir='ltr'>ι</span> <span class='ocrx_word' id='word_1_306' title='bbox 261 3780 329 3828; x_wconf 83' lang='lat' dir='ltr'>Inter</span> <span class='ocrx_word' id='word_1_307' title='bbox 348 3777 402 3841; x_wconf 79' lang='lat' dir='ltr'>ias]</span> <span class='ocrx_word' id='word_1_308' title='bbox 433 3779 498 3830; x_wconf 79' lang='lat' dir='ltr'>Nera</span> <span class='ocrx_word' id='word_1_309' title='bbox 521 3781 633 3845; x_wconf 73' lang='lat' dir='ltr'>Europa</span> <span class='ocrx_word' id='word_1_310' title='bbox 656 3779 719 3831; x_wconf 77' lang='lat' dir='ltr'>dria</span> <span class='ocrx_word' id='word_1_311' title='bbox 757 3784 779 3833; x_wconf 86' lang='lat' dir='ltr'>ri</span> <span class='ocrx_word' id='word_1_312' title='bbox 794 3783 865 3833; x_wconf 81' lang='lat' dir='ltr'>luridi</span> <span class='ocrx_word' id='word_1_313' title='bbox 885 3798 955 3834; x_wconf 84' lang='lat' dir='ltr'>mare</span> <span class='ocrx_word' id='word_1_314' title='bbox 976 3784 1011 3834; x_wconf 86' lang='lat' dir='ltr'>ibi</span> <span class='ocrx_word' id='word_1_315' title='bbox 1031 3798 1089 3835; x_wconf 82' lang='lat' dir='ltr'>esre</span> <span class='ocrx_word' id='word_1_316' title='bbox 1106 3785 1244 3850; x_wconf 75' lang='lat' dir='ltr'>significet,</span> <span class='ocrx_word' id='word_1_317' title='bbox 1257 3794 1286 3836; x_wconf 89' lang='lat' dir='ltr'>at</span> 
     </span>
     <span class='ocr_line' id='line_1_36' title="bbox 190 3855 1286 3922; baseline 0.005 -18"><span class='ocrx_word' id='word_1_318' title='bbox 190 3855 339 3920; x_wconf 76' lang='lat' dir='ltr'>Airicreque</span> <span class='ocrx_word' id='word_1_319' title='bbox 350 3857 509 3906; x_wconf 83' lang='lat' dir='ltr'>obtenditur.</span> <span class='ocrx_word' id='word_1_320' title='bbox 758 3857 851 3907; x_wconf 85' lang='lat' dir='ltr'>radam</span> <span class='ocrx_word' id='word_1_321' title='bbox 868 3857 950 3922; x_wconf 82' lang='lat' dir='ltr'>ipsunt</span> <span class='ocrx_word' id='word_1_322' title='bbox 968 3873 1086 3908; x_wconf 79' lang='lat' dir='ltr'>saxorum</span> <span class='ocrx_word' id='word_1_323' title='bbox 1104 3865 1240 3922; x_wconf 76' lang='lat' dir='ltr'>appareat,</span> <span class='ocrx_word' id='word_1_324' title='bbox 1255 3875 1286 3910; x_wconf 81' lang='lat' dir='ltr'>ac</span> 
     </span>
     <span class='ocr_line' id='line_1_37' title="bbox 222 3932 1284 4000; baseline 0.006 -20"><span class='ocrx_word' id='word_1_325' title='bbox 222 3932 404 3994; x_wconf 55' lang='lat' dir='ltr'>*Quindecim</span> <span class='ocrx_word' id='word_1_326' title='bbox 430 3934 473 3982; x_wconf 88' lang='lat' dir='ltr'>Sic</span> <span class='ocrx_word' id='word_1_327' title='bbox 496 3933 650 3997; x_wconf 78' lang='lat' dir='ltr'>Martianus,</span> <span class='ocrx_word' id='word_1_328' title='bbox 673 3934 718 3984; x_wconf 89' lang='lat' dir='ltr'>lib.</span> <span class='ocrx_word' id='word_1_329' title='bbox 756 3949 803 4000; x_wconf 89' lang='lat' dir='ltr'>per</span> <span class='ocrx_word' id='word_1_330' title='bbox 821 3935 986 3986; x_wconf 86' lang='lat' dir='ltr'>latitudinem</span> <span class='ocrx_word' id='word_1_331' title='bbox 1005 3935 1066 3985; x_wconf 79' lang='lat' dir='ltr'>irati</span> <span class='ocrx_word' id='word_1_332' title='bbox 1085 3936 1118 3984; x_wconf 79' lang='lat' dir='ltr'>ab</span> <span class='ocrx_word' id='word_1_333' title='bbox 1137 3937 1242 4000; x_wconf 87' lang='lat' dir='ltr'>Europa</span> <span class='ocrx_word' id='word_1_334' title='bbox 1259 3937 1284 3986; x_wconf 89' lang='lat' dir='ltr'>iu</span> 
     </span>
     <span class='ocr_line' id='line_1_38' title="bbox 191 4008 1285 4072; baseline 0.005 -15"><span class='ocrx_word' id='word_1_335' title='bbox 191 4021 229 4057; x_wconf 88' lang='grc' dir='ltr'>νι.</span> <span class='ocrx_word' id='word_1_336' title='bbox 240 4023 263 4057; x_wconf 88' lang='lat' dir='ltr'>c.</span> <span class='ocrx_word' id='word_1_337' title='bbox 276 4008 308 4056; x_wconf 88' lang='lat' dir='ltr'>de</span> <span class='ocrx_word' id='word_1_338' title='bbox 321 4008 480 4058; x_wconf 83' lang='lat' dir='ltr'>rotunditate</span> <span class='ocrx_word' id='word_1_339' title='bbox 493 4016 581 4070; x_wconf 74' lang='lat' dir='ltr'>terrm,</span> <span class='ocrx_word' id='word_1_340' title='bbox 594 4025 619 4072; x_wconf 92' lang='lat' dir='ltr'>p.</span> <span class='ocrx_word' id='word_1_341' title='bbox 630 4015 687 4060; x_wconf 88' lang='grc'><strong>221.</strong></span> <span class='ocrx_word' id='word_1_342' title='bbox 758 4009 872 4062; x_wconf 76' lang='lat' dir='ltr'>Africam</span> <span class='ocrx_word' id='word_1_343' title='bbox 885 4012 966 4061; x_wconf 80' lang='lat' dir='ltr'>instar</span> <span class='ocrx_word' id='word_1_344' title='bbox 984 4013 1070 4062; x_wconf 73' lang='lat' dir='ltr'>taeniae</span> <span class='ocrx_word' id='word_1_345' title='bbox 1088 4009 1211 4062; x_wconf 70' lang='lat' dir='ltr'>iurelure</span> <span class='ocrx_word' id='word_1_346' title='bbox 1227 4027 1285 4063; x_wconf 79' lang='lat' dir='ltr'>reu·</span> 
     </span>
     <span class='ocr_line' id='line_1_39' title="bbox 222 4084 1344 4152; baseline 0.004 -18"><span class='ocrx_word' id='word_1_347' title='bbox 222 4088 318 4143; x_wconf 73' lang='lat' dir='ltr'>‘Quat</span> <span class='ocrx_word' id='word_1_348' title='bbox 334 4084 451 4148; x_wconf 66' lang='lat' dir='ltr'>maiorm]</span> <span class='ocrx_word' id='word_1_349' title='bbox 468 4087 551 4135; x_wconf 86' lang='lat' dir='ltr'>Plane</span> <span class='ocrx_word' id='word_1_350' title='bbox 573 4089 659 4152; x_wconf 87' lang='lat' dir='ltr'>modo,</span> <span class='ocrx_word' id='word_1_351' title='bbox 679 4087 718 4138; x_wconf 87' lang='lat' dir='ltr'>lrir</span> <span class='ocrx_word' id='word_1_352' title='bbox 758 4087 870 4137; x_wconf 79' lang='lat' dir='ltr'>dicentis</span> <span class='ocrx_word' id='word_1_353' title='bbox 890 4089 1056 4151; x_wconf 78' lang='lat' dir='ltr'>porrigatur:</span> <span class='ocrx_word' id='word_1_354' title='bbox 1082 4087 1175 4136; x_wconf 75' lang='grc' dir='ltr'><strong>ταινίαν</strong></span> <span class='ocrx_word' id='word_1_355' title='bbox 1193 4087 1286 4152; x_wconf 68' lang='grc' dir='ltr'><strong>ὕφαλον</strong></span> <span class='ocrx_word' id='word_1_356' title='bbox 1341 4097 1344 4106; x_wconf 82' lang='grc'><em>’</em></span> 
     </span>
     <span class='ocr_line' id='line_1_40' title="bbox 190 4160 1164 4230; baseline 0.005 -20"><span class='ocrx_word' id='word_1_357' title='bbox 190 4163 291 4211; x_wconf 76' lang='lat' dir='ltr'>verbis:</span> <span class='ocrx_word' id='word_1_358' title='bbox 309 4165 317 4190; x_wconf 81' lang='lat'><strong><em>⁴</em></strong></span> <span class='ocrx_word' id='word_1_359' title='bbox 328 4163 458 4212; x_wconf 77' lang='lat' dir='ltr'>Gaditano</span> <span class='ocrx_word' id='word_1_360' title='bbox 468 4160 556 4222; x_wconf 79' lang='lat' dir='ltr'>freto,’</span> <span class='ocrx_word' id='word_1_361' title='bbox 567 4166 616 4215; x_wconf 77' lang='lat' dir='ltr'>dte.</span> <span class='ocrx_word' id='word_1_362' title='bbox 758 4166 873 4230; x_wconf 79' lang='lat' dir='ltr'>appellat</span> <span class='ocrx_word' id='word_1_363' title='bbox 884 4162 988 4226; x_wconf 81' lang='lat' dir='ltr'>Strabo,</span> <span class='ocrx_word' id='word_1_364' title='bbox 999 4163 1042 4212; x_wconf 89' lang='lat' dir='ltr'>lib.</span> <span class='ocrx_word' id='word_1_365' title='bbox 1056 4175 1074 4211; x_wconf 95' lang='grc' dir='ltr'>ι.</span> <span class='ocrx_word' id='word_1_366' title='bbox 1088 4177 1112 4225; x_wconf 88' lang='lat' dir='ltr'>p.</span> <span class='ocrx_word' id='word_1_367' title='bbox 1122 4167 1164 4215; x_wconf 74' lang='grc'><strong>«12.</strong></span> 
     </span>
     <span class='ocr_line' id='line_1_41' title="bbox 224 4236 1285 4306; baseline 0.004 -19"><span class='ocrx_word' id='word_1_368' title='bbox 224 4236 343 4301; x_wconf 67' lang='lat' dir='ltr'>tatium]</span> <span class='ocrx_word' id='word_1_369' title='bbox 362 4238 438 4288; x_wconf 86' lang='lat' dir='ltr'>Nune</span> <span class='ocrx_word' id='word_1_370' title='bbox 451 4238 516 4301; x_wconf 79' lang='lat' dir='ltr'>Cape</span> <span class='ocrx_word' id='word_1_371' title='bbox 523 4237 633 4300; x_wconf 76' lang='lat' dir='ltr'>Spurtd:</span> <span class='ocrx_word' id='word_1_372' title='bbox 649 4240 717 4290; x_wconf 88' lang='lat' dir='ltr'>idern</span> <span class='ocrx_word' id='word_1_373' title='bbox 789 4241 796 4274; x_wconf 94' lang='lat'><strong>¹</strong></span> <span class='ocrx_word' id='word_1_374' title='bbox 812 4241 937 4290; x_wconf 75' lang='lat' dir='ltr'>Prosimir</span> <span class='ocrx_word' id='word_1_375' title='bbox 952 4240 1043 4302; x_wconf 80' lang='lat' dir='ltr'>aetem]</span> <span class='ocrx_word' id='word_1_376' title='bbox 1067 4241 1181 4304; x_wconf 80' lang='lat' dir='ltr'>Montes,</span> <span class='ocrx_word' id='word_1_377' title='bbox 1193 4243 1285 4306; x_wconf 86' lang='lat' dir='ltr'>lnquit,</span> 
     </span>
     <span class='ocr_line' id='line_1_42' title="bbox 193 4311 1286 4382; baseline 0.003 -20"><span class='ocrx_word' id='word_1_378' title='bbox 193 4311 344 4374; x_wconf 85' lang='lat' dir='ltr'>Ampelusia</span> <span class='ocrx_word' id='word_1_379' title='bbox 354 4314 503 4378; x_wconf 84' lang='lat' dir='ltr'>vocitatum,</span> <span class='ocrx_word' id='word_1_380' title='bbox 517 4327 542 4366; x_wconf 83' lang='grc' dir='ltr'>ιι.</span> <span class='ocrx_word' id='word_1_381' title='bbox 557 4320 579 4365; x_wconf 87' lang='grc'>1.</span> <span class='ocrx_word' id='word_1_382' title='bbox 759 4319 886 4382; x_wconf 84' lang='lat' dir='ltr'>utrimque</span> <span class='ocrx_word' id='word_1_383' title='bbox 904 4317 1017 4381; x_wconf 84' lang='lat' dir='ltr'>iurporiri</span> <span class='ocrx_word' id='word_1_384' title='bbox 1036 4313 1153 4370; x_wconf 75' lang='lat' dir='ltr'>laudibus</span> <span class='ocrx_word' id='word_1_385' title='bbox 1166 4331 1223 4381; x_wconf 80' lang='lat' dir='ltr'>quoe</span> <span class='ocrx_word' id='word_1_386' title='bbox 1235 4317 1286 4365; x_wconf 82' lang='lat' dir='ltr'>fre·</span> 
     </span>
    </p>
   </div>
   <div class='ocr_carea' id='block_1_9' title="bbox 0 0 1589 4930">
    <p class='ocr_par' dir='ltr' id='par_1_10' title="bbox 0 0 1589 4930">
     <span class='ocr_line' id='line_1_43' title="bbox 0 0 1589 4930; baseline 0 0"><span class='ocrx_word' id='word_1_387' title='bbox 0 0 1589 4930; x_wconf 95' lang='lat' dir='ltr'> </span> 
     </span>
    </p>
   </div>
  </div>
 </body>
</html>
