3168 4930
295 425 359 494 548
670 443 701 491 c.
724 441 844 504 rnrurr
869 442 1032 494 securim

295 584 461 666 utrimque
477 584 625 668 impositi
640 590 770 650 montes
793 586 948 651 co'e'rceut
969 587 1128 652 claustra.
1171 583 1392 670 thyla-Afri-

296 705 359 760 coe,
374 685 519 768 Europae
539 684 658 768 Calpe,
671 685 822 751 laborum
846 687 1008 751 Herculis
1027 693 1164 752 metas.n
1209 687 1323 766 Quam
1345 690 1392 753 ob

296 805 435 852 calisam
456 787 619 870 indigenae
642 787 811 851 columnas
832 787 905 870 ejus
933 789 1001 853 Dei
1025 793 1161 866 vocant,
1185 789 1391 873 creduntque

295 887 466 972 perfossas
478 884 520 936 '³³'
537 888 679 952 exclusa
693 894 791 952 antea
806 889 983 954 admisisse
998 891 1114 968 maria,
1127 899 1161 954 et
1172 911 1282 962 rerum
1296 897 1391 954 natu·

295 1009 340 1054 ree
356 996 502 1054 mutasse
518 989 648 1054 faciem.

336 1087 397 1175 (r.)
412 1090 560 1154 Primum
571 1109 648 1172 ergo
660 1089 703 1154 de
715 1089 853 1172 Europa
867 1089 985 1174 ultrice
999 1089 1135 1154 victoris
1152 1092 1298 1154 omnium
1314 1109 1391 1173 gen·

294 1191 376 1255 tium
390 1191 520 1274 populi,
534 1190 699 1273 longeque
712 1197 869 1252 terrarum
882 1189 1115 1271 pulcherrima,
1124 1209 1224 1275 quam
1236 1191 1389 1274 plerique

293 1293 413 1356 merito
436 1311 502 1356 non
524 1294 656 1356 tertiam
679 1289 867 1374 portionem
890 1290 1008 1368 fecere,
1030 1310 1143 1356 rerum
1166 1309 1320 1375 aequam3
1354 1293 1390 1361 in

294 1393 381 1457 duas
397 1399 524 1476 partes,
538 1395 582 1458 ab
598 1413 693 1458 amne
708 1393 817 1456 Tanai
834 1391 876 1455 ad
893 1390 1096 1458 Gaditanum
1108 1392 1243 1472 fretum,
1257 1393 1390 1460 univer-

294 1512 334 1557 so
350 1494 429 1559 orbe
444 1494 567 1592 dirisp.
612 1495 770 1560 Oceanus
787 1493 852 1557 boo
869 1492 960 1576 quod
973 1493 1098 1557 dictum
1114 1491 1188 1558 estk
1202 1494 1314 1578 spatio
1328 1493 1390 1560 At-

291 1594 448 1661 lanticum
462 1616 552 1661 mare
567 1596 782 1673 infundens,¹⁴
792 1600 826 1659 et
838 1595 939 1660 avido
948 1600 1071 1671 meatu,
1084 1601 1202 1671 terras,
1215 1615 1389 1678 quaecum·

293 1716 361 1779 que
386 1699 572 1763 venientem
593 1716 772 1781 expavere,
791 1696 1005 1778 demergens:
1040 1696 1232 1763 resistentes
1255 1716 1388 1780 quoque

292 1797 447 1864 flexuoso
462 1800 613 1864 littorum
634 1800 788 1864 anfractu
808 1798 947 1863 lambit:
985 1796 1152 1879 Europam
1169 1797 1223 1862 vel
1239 1799 1388 1864 maxime

291 1901 483 1964 recessibus
498 1901 620 1964 crebris
642 1913 835 1964 excavans:
867 1899 977 1963 sedin
997 1905 1142 1980 quatuor
1160 1900 1388 1982 praeuipous¹⁵

291 2000 397 2064 siuns.
442 1999 595 2078 Quorum
607 1996 750 2085 primus¹
765 2020 786 2065 a
800 1998 907 2081 Calpe
922 1999 1103 2081 Hispaniae
1118 2001 1245 2064 extimo
1255 1999 1308 2084 (nt
1318 1999 1388 2064 dic·

290 2107 362 2164 tum
384 2104 448 2178 est)
470 2111 583 2165 monte
607 2102 763 2166 Locrosm
787 2109 822 2164 et
846 2101 1001 2166 Brutium
1011 2097 1037 2139 ¹⁶
1063 2119 1171 2184 usque
1195 2107 1383 2185 promonto-

292 2201 377 2264 rium
391 2201 551 2265 imenso
566 2202 695 2265 ambitu
710 2201 863 2266 flectitur.

756 2380 890 2402 OOOOOO
892 2381 936 2401 m

288 2496 415 2541 stru-ib
427 2492 540 2542 Herculis
548 2499 611 2543 nuta
622 2491 770 2544 Chim-lt
783 2493 898 2543 Pintirn.
907 2492 1034 2556 perfossor,
1044 2493 1101 2544 rub.
1110 2497 1283 2544 montem-lt
1291 2496 1386 2559 Margo

291 2555 352 2605 edd.
365 2557 453 2607 Dalee.
464 2565 492 2607 et
503 2557 616 2608 Gronov.
632 2559 658 2606 ir:
669 2559 818 2608 Atlanticum
827 2558 1069 2618 morcutusuudeas.
1102 2559 1165 2607 Mox
1179 2567 1230 2608 ret.
1244 2560 1334 2609 llalec.
1350 2575 1388 2609 cc·

290 2619 393 2669 ubetem
404 2627 576 2684 exspectavere,
587 2628 768 2682 excepere-is
786 2623 829 2671 Ita
841 2619 924 2671 chiffl.
937 2623 1032 2686 aliique
1046 2622 1120 2671 codd.
1131 2637 1173 2686 ap.
1186 2621 1312 2674 Harduin.
1323 2624 1386 2672 item

289 2684 351 2732 edd.
364 2684 491 2734 ilarduiu.
500 2692 524 2734 ι.
536 2689 560 2735 2.
572 2689 596 2736 t.
613 2685 707 2736 Miller.
717 2685 822 2749 Bipout.
834 2695 862 2734 et
873 2687 964 2737 Franz.
972 2685 1090 2750 precipue
1099 2686 1159 2737 edd.
1170 2695 1234 2738 vett.
1244 2697 1306 2737 ante
1315 2687 1385 2737 ller-

290 2747 428 2798 ἀπίω-16
445 2751 531 2800 beros
541 2751 664 2809 Bruttem,
675 2751 768 2801 omisso
779 2756 812 2814 et,
824 2748 908 2800 cuiffi.

784 2943 891 2995 NOTAE

288 3079 343 3124 tum
372 3078 476 3135 urgent,
504 3071 605 3134 sibique
631 3073 816 3136 propinquant,
855 3073 977 3123 niissum’
1001 3073 1101 3124 Seneca
1119 3073 1213 3126 Nrtnr.
1228 3075 1327 3128 Quart.
1345 3089 1384 3127 rr.

289 3147 752 3210 claustrahujuscemodicoutiueut.
783 3148 816 3198 Id
855 3155 896 3201 20.
929 3151 991 3201 ‘Sic
1014 3159 1041 3201 et
1064 3152 1204 3215 Hispanias
1225 3166 1241 3203 a
1260 3159 1385 3203 contextu

288 3229 425 3284 acceptum
436 3237 452 3270 a
464 3222 546 3282 Mela,
557 3235 588 3271 rr.
597 3227 621 3272 θ.
638 3223 762 3272 ‘Deinde
772 3237 816 3273 an·
855 3226 953 3276 Africa
966 3241 1036 3277 mere
1048 3227 1161 3290 eripuit!

288 3299 461 3363 scitissimum
477 3299 593 3364 pelagus,
605 3305 633 3348 et
650 3301 766 3363 proxime
777 3301 815 3349 in·
887 3300 899 3335 ¹¹
916 3301 971 3351 Hoc
989 3305 1049 3366 quod
1065 3303 1157 3353 dicture
1174 3305 1222 3368 ert]
1251 3301 1383 3353 Gaditano

288 3383 330 3425 ter
341 3389 369 3424 ee
380 3375 491 3437 Europe
508 3382 586 3438 etque
604 3373 701 3424 ultrice
716 3375 816 3438 littora,
855 3376 933 3428 freto.

287 3459 389 3500 montes
408 3447 532 3514 efficiunt,
554 3456 584 3498 ut
604 3451 678 3501 initio
696 3449 815 3508 diximus.
889 3451 1127 3519 mummium]
1153 3453 1317 3504 hibericum
1329 3468 1383 3504 rna·

287 3527 412 3575 columna
426 3525 557 3585 Herculis,
571 3524 666 3590 Abyla‚
676 3534 704 3576 et
716 3526 816 3590 Calpe!
855 3543 893 3586 re,
916 3529 1052 3595 Sardoum,
1077 3531 1289 3595 Tyrrhenumque
1315 3543 1382 3580 com·

317 3599 326 3644 t
345 3601 480 3664 Persona]
498 3602 565 3650 Vide
578 3603 661 3652 Notas
673 3603 815 3654 etEmeud.
855 3605 987 3668 plectitur.

287 3691 356 3727 num.
368 3680 393 3725 a.
428 3676 470 3724 De
489 3691 517 3725 ra
536 3678 594 3739 ipsa
610 3679 775 3743 Pomponius,
786 3689 815 3729 ut
886 3688 904 3714 ²
920 3681 1018 3744 Meos]
1037 3679 1192 3742 Pomponius
1207 3693 1310 3744 quoque
1322 3693 1383 3744 pro·

287 3753 362 3808 solet.
391 3751 554 3815 pereleganti
582 3753 720 3818 brevitate,
747 3769 767 3804 r.
790 3761 816 3806 5.
855 3769 889 3817 pe
915 3755 1034 3804 Brutium
1058 3755 1259 3816 promontorium
1287 3755 1382 3805 Locros

285 3828 382 3878 ‘Hune
395 3827 524 3892 Abylam,’
542 3827 633 3891 inquit,
650 3830 738 3878 ‘illum
756 3832 814 3881 Cet·
854 3830 963 3878 statuit:
981 3829 1100 3878 ‘Tertius
1111 3828 1198 3893 rinus‚'
1215 3830 1308 3895 iuquit,
1327 3832 1381 3880 ‘iu-

287 3917 337 3966 pen
355 3910 463 3952 vocent:
492 3903 622 3950 columnas
642 3902 764 3952 Herculis
785 3920 813 3954 u·
855 3915 895 3954 ter
907 3906 1082 3968 promontoria
1098 3905 1267 3970 Zephyrium,
1278 3909 1382 3957 etBru·

286 3985 414 4041 trucique.
446 3975 528 4026 Addit
538 3973 608 4024 fama
619 3977 728 4026 neminis
740 3978 811 4028 iabu-
854 3981 1100 4045 tium,Courilinum,
1109 3981 1379 4041 Cauloniam,1ocror·

285 4053 354 4102 lam:
373 4052 513 4102 Herculem
531 4053 614 4117 iprum
627 4053 736 4116 junctos
753 4055 811 4104 olim
853 4071 902 4121 que
915 4057 1077 4108 circumdet!
1108 4058 1227 4108 Brutium
1245 4072 1305 4108 vero
1322 4071 1381 4121 pro·

286 4133 413 4191 perpetuo
422 4129 485 4192 jugo
493 4127 626 4177 diremisse
634 4129 724 4190 colles,
734 4137 811 4194 atque
851 4133 1006 4182 montorium
1029 4133 1091 4183 illud
1113 4141 1154 4182 est
1175 4135 1243 4198 quod
1261 4147 1320 4198 cap.
1339 4135 1379 4182 iu.

286 4206 324 4252 ita
346 4205 476 4252 exclusum
499 4210 574 4253 autea
596 4200 662 4253 mola
688 4205 811 4254 montium
853 4207 1015 4272 Leucopetra
1025 4210 1180 4274 appellatur.

286 4279 431 4340 Oceanum,
443 4279 475 4328 ed
486 4294 543 4344 quae
558 4295 625 4331 nuuc
638 4281 756 4345 inundet,
767 4281 811 4330 ed·
