3106 4910
489 357 576 406 usu.
597 356 697 406 uisu.
720 355 792 404 nra.
814 357 849 404 v.
870 341 923 406 10.
1199 341 1264 406 985

171 509 222 565 tra
237 509 284 553 ¹⁹·
310 505 400 576 sunt,
422 495 523 563 latere
552 496 709 562 Arabia:
743 503 844 561 etex
870 497 1031 562 advorsu²
1051 497 1162 564 insula
1189 509 1260 564 iv.u

170 603 304 678 Philae,v
320 617 379 663 no.
393 617 433 664 u.
450 617 610 682 passuum
623 617 645 661 a
660 596 731 662 Nili
742 597 872 674 maura,
887 598 977 661 undo
992 599 1156 680 appellari
1171 599 1259 665 dixi-

170 722 245 766 mus
262 703 373 766 Delta.
403 701 484 764 Hou
501 701 647 782 spatium
660 699 765 763 edidit
774 697 1013 775 Artemidorus,
1029 706 1064 763 et
1078 701 1113 762 iu
1128 717 1169 762 eu
1180 718 1260 776 ocu,

93 825 98 833 ·
169 803 298 886 oppida
318 803 432 866 fuisse.
475 801 571 866 Juba
593 817 693 866 uuuu.
718 817 944 882 mpassunm.
988 798 1197 863 Aristocreon
1215 804 1259 867 ab

170 903 392 987 Elephantida
408 901 451 966 ad
465 909 586 966 mara*
610 919 715 966 nucu.
734 918 772 964 nr.
793 921 886 984 pass.
931 900 1129 982 Elephantis
1139 908 1190 937 ²⁰¹
1212 905 1261 967 iu·

170 1005 245 1068 sula
268 1004 352 1067 iutra
365 1002 607 1066 novissimumy
629 1007 836 1066 catarracten
853 1019 903 1064 tv,
917 1019 956 1064 u.
970 1019 1146 1083 passuum,
1159 1008 1192 1066 et
1205 1025 1261 1066 su·

169 1123 228 1188 pra
252 1105 404 1189 Syenen·
429 1119 512 1167 xvi.
543 1109 609 1166 ΜΡ
635 1102 813 1180 habitatur,
847 1102 1068 1186 navigationis
1090 1102 1260 1187 AEgyptiae

634 1281 795 1304 HOMO!
798 1283 811 1304 Ο

170 1391 230 1440 eud.
242 1392 330 1442 Dalsc.
339 1397 366 1442 et
377 1393 556 1442 (tronea-‘ru
572 1391 876 1442 numantinorum
888 1391 981 1440 Dalee.
990 1389 1052 1439 item
1061 1388 1120 1439 edd.
1134 1389 1261 1440 Harduin.

170 1459 193 1503 l.
204 1461 260 1505 Μ.
273 1457 368 1506 Miller.
381 1457 486 1519 Bipout.
495 1463 522 1505 et
534 1457 622 1506 Franz.
643 1456 765 1518 pminsutn
774 1461 867 1504 centum
880 1455 944 1503 mille
954 1467 1062 1517 passm
1073 1455 1171 1508 ambitu
1181 1456 1206 1501 in
1215 1469 1261 1518 quo

171 1520 276 1569 Ceam
287 1521 345 1570 adul.
357 1529 421 1569 vett.
434 1529 461 1568 et
472 1520 587 1569 Gronov.
616 1521 678 1569 Mox
691 1519 716 1566 in
728 1519 818 1569 iisdem
827 1525 849 1568 et
860 1519 886 1568 ia
896 1523 993 1566 aunem
1004 1519 1087 1566 tauta
1104 1519 1120 1566 1
1124 1518 1151 1566 V.
1163 1519 1261 1576 putta,-

130 1623 134 1632 .
170 1585 227 1630 eod.
242 1585 333 1635 llalec.
344 1590 366 1633 et
375 1600 406 1633 ss
415 1584 810 1634 aumatnsuae1V.Pua.-ao
830 1582 985 1646 Elephantine
998 1596 1085 1642 margo
1099 1581 1158 1630 edd.
1171 1583 1260 1630 Doleo.

169 1653 198 1695 et
211 1648 324 1697 Gronov.
337 1650 411 1697 etsie
423 1649 500 1696 etiam
519 1648 587 1710 conj.
601 1647 716 1697 Plutian.
744 1647 816 1708 Mox,
832 1662 879 1710 pro
896 1648 969 1708 intro,
980 1647 1047 1708 qnod
1059 1653 1163 1694 servant
1176 1644 1260 1696 cutffl.

169 1711 263 1774 aliique
272 1713 346 1762 cndu.
363 1713 424 1761 item
435 1712 493 1760 eud.
507 1712 632 1761 ilarduin.
646 1717 667 1760 i.
678 1716 702 1759 2.
714 1715 738 1759 t.
750 1712 846 1760 Miller.
858 1712 964 1773 Bipont.
974 1719 1003 1758 et
1015 1711 1106 1759 Fraus.
1116 1709 1182 1768 infra
1193 1709 1261 1758 Gro-

169 1787 227 1823 nov.
237 1783 265 1824 et
275 1776 334 1825 edd.
346 1782 408 1826 vett.
420 1783 446 1824 et
457 1777 482 1823 in
494 1776 600 1826 iisdem:
617 1777 666 1824 trio
681 1775 719 1825 M.
732 1790 794 1838 pora.
803 1775 886 1824 Tolet.
896 1779 996 1838 quotuor
1005 1775 1043 1822 Μ.
1053 1777 1178 1835 ραι-21
1197 1781 1204 1802 ¹
1215 1775 1261 1822 Er·

167 1846 209 1886 rst
227 1839 268 1888 irio
286 1841 395 1890 Plinius.
421 1841 571 1900 Elephantis
589 1841 671 1887 instria
687 1853 737 1888 non
754 1839 859 1888 distata
870 1837 946 1902 Quae
957 1838 986 1887 Χ
990 1838 1033 1889 Vl.
1051 1839 1090 1888 M.
1101 1853 1164 1902 poss.
1183 1837 1260 1886 immo

168 1905 285 1964 proxima
296 1913 346 1966 est,
357 1913 385 1952 et
396 1919 427 1953 ex
440 1902 735 1972 e‹tveno.,coeuidertn
748 1903 859 1951 Plinium
871 1915 1006 1965 perperam
1019 1903 1151 1964 scripsisse
1160 1899 1261 1964 Syenen,

168 1979 226 2014 cum
236 1968 398 2022 scribendum
409 1977 476 2016 esset
486 1968 570 2016 piton
576 1982 586 2024 ,·
603 1975 629 2016 et
638 1966 721 2016 adiruo
732 1965 840 2028 longior,
850 1981 924 2029 qrrsm
935 1980 982 2028 par
993 1973 1042 2023 est,
1053 1964 1181 2014 videbitur
1191 1981 1261 2014 msu-

117 2072 121 2078 .
170 2030 245 2081 sura'
262 2032 370 2081 Brotier.
397 2032 488 2096 &ensa
499 2031 565 2080 ΧΠ.
577 2032 616 2081 Μ.
628 2045 715 2094 margo
727 2029 786 2080 edd.
797 2030 888 2080 Doleo.
903 2036 930 2078 st
943 2029 1057 2080 Gronov.
1077 2043 1110 2078 ex
1125 2029 1260 2096 Strabone.

644 2261 648 2268 ι
662 2190 769 2242 uuum

201 2294 210 2319 ¹
234 2287 264 2336 la
282 2286 448 2351 pumcostro]
474 2287 541 2338 Vide
560 2289 645 2339 Notas
667 2295 695 2338 et
733 2287 795 2346 rim,
806 2301 838 2336 aa
848 2287 925 2336 Mola
937 2300 955 2336 r.
966 2291 991 2336 9.
1001 2293 1029 2336 et
1038 2286 1260 2354 Parthepiospnd

170 2361 279 2411 Emend.
290 2375 358 2412 unm.
370 2365 410 2412 ti.
734 2362 903 2424 Stephanum,
914 2377 942 2425 p.
952 2365 1010 2411 258.
1022 2355 1170 2424 Ἐλεφαήίὲ.
1196 2363 1261 2411 Pos-

201 2440 210 2471 ⁸
226 2439 260 2488 Et
270 2453 301 2487 ex
309 2440 418 2503 momen]
438 2439 495 2489 Hoc
507 2439 695 2500 est‚exadver·
734 2439 872 2488 tutioribus
885 2439 1043 2501 temporibus
1054 2438 1180 2487 'rabenna
1192 2439 1263 2487 noeis

170 2527 198 2562 so
220 2513 316 2564 Africae
336 2515 426 2564 latere.
464 2515 600 2566 sententia
627 2518 694 2566 enim
735 2519 800 2572 tata,
821 2512 890 2560 uude
910 2512 1110 2563 'tabennesiota
1130 2513 1262 2577 Mausoli,

168 2587 243 2652 hujus
255 2591 303 2639 luci
314 2599 366 2652 est,
384 2591 471 2640 Nilum
483 2591 588 2640 ditionis
601 2592 695 2656 lligyp-
734 2587 874 2637 celebratae
886 2589 1040 2638 sanctitatis.

169 2665 213 2714 tia
233 2665 343 2728 censeri,
360 2666 445 2714 latare
460 2667 562 2728 quinem
581 2666 694 2727 Arabia,
766 2672 777 2707 t
794 2664 1037 2729 Imronoos'sn'mum]
1054 2663 1259 2728 Honestinirs,

169 2741 303 2804 aSyene:
325 2740 434 2790 adverso
455 2741 694 2803 atticotorum
735 2741 810 2789 oltra.
846 2739 1003 2802 Nsmsuprs
1015 2740 1261 2804 Elephantinamin-

168 2816 249 2865 Plrilis
261 2816 353 2878 insula,
362 2813 458 2865 Africae
470 2817 635 2867 contributa:
649 2818 694 2868 Ni·
735 2815 826 2877 snlam,
843 2814 896 2862 slve
916 2815 1023 2864 ulterius
1036 2830 1124 2865 uersus
1135 2823 1260 2879 austrum,

170 2891 188 2940 li
206 2891 343 2956 alaeo‚qul
362 2891 448 2941 Plrilss
465 2892 643 2952 circumlueas
661 2907 694 2942 ex
734 2898 776 2940 est
799 2896 970 2939 catarractas.
1012 2890 1099 2940 strab.
1122 2890 1166 2939 lii).
1188 2905 1260 2942 xvir.

167 2965 275 3018 adverso
301 2967 463 3030 continentis,
490 2969 514 3017 in
537 2983 588 3033 qua
608 2969 694 3032 Syene
733 2965 761 3029 pl
771 2969 827 3015 81⁷.
845 2963 1029 3030 Mmplvt'trip
1038 2967 1082 3024 τῆς
1092 2966 1260 3031 Ἐλεφαντίνης

94 3067 96 3072 ·
169 3052 218 3106 est,
232 3045 384 3094 collocante.
416 3044 589 3096 Quamobrem
606 3059 637 3094 eo
657 3046 693 3094 ia·
734 3041 1195 3107 lorlvlursplsmaplffiumat.

168 3126 225 3169 tere
247 3120 344 3182 ‘Regni
361 3120 473 3169 claustra
490 3119 594 3169 Philas’
611 3122 694 3170 Luca·
764 3128 775 3154 ¹
794 3121 908 3183 Etsapra
919 3119 1022 3184 Quen]
1052 3121 1110 3170 lloo
1121 3129 1170 3176 est,
1181 3119 1258 3170 etiam

168 3207 217 3242 nna
228 3194 462 3256 appellat,a.tlt.
478 3195 561 3246 ‘Quos
571 3194 694 3246 dirimunt
734 3207 812 3256 snpra
830 3193 932 3258 Syenen
949 3193 1087 3243 habitatur.
1121 3195 1189 3244 Nam
1201 3209 1259 3244 rum

170 3267 283 3316 Arabum
292 3269 393 3330 populis
404 3269 525 3330 AEgyptia
535 3269 613 3318 rura.’
731 3269 817 3332 Syene
831 3271 865 3317 sit
874 3269 920 3318 sub
933 3277 1008 3330 parte
1019 3269 1115 3325 mundi,
1124 3283 1169 3318 aen
1179 3271 1260 3330 prado

201 3350 214 3376 ¹
231 3341 385 3404 Insalnll'.]
410 3341 468 3390 Hoc
479 3349 527 3402 est,
538 3342 620 3390 insula
630 3357 694 3406 qua·
733 3344 894 3392 amounrin.
928 3344 1260 3405 Elephantinesantemiu·

169 3426 229 3467 tuot·
250 3417 356 3464 millium
385 3429 503 3478 passuum
525 3416 632 3479 ambitu,
655 3417 693 3466 uti
733 3419 796 3467 aula
810 3417 944 3481 oppidum,
956 3419 1053 3469 subto.
1068 3425 1109 3468 ou.
1121 3419 1260 3468 minaeus

167 3492 254 3556 Syene
267 3490 597 3554 peninsulamilletsntnm.
732 3493 843 3542 Ptolem.
864 3505 903 3542 tv.
921 3497 945 3542 ⁵.
966 3492 1066 3556 reliqua
1087 3493 1177 3540 insulas
1201 3507 1260 3556 pars

201 3575 213 3602 ¹
230 3565 321 3630 Puto]
338 3566 369 3616 lu
387 3565 489 3615 Notitis
504 3565 620 3630 imperti,
636 3579 695 3629 esp.
733 3571 802 3618 nitra
819 3570 921 3632 Syenen
933 3581 1021 3616 versor
1032 3576 1145 3618 austrum
1156 3577 1260 3633 proten·

170 3649 211 3695 2⁰.
230 3642 300 3692 Fttae.
323 3641 369 3690 'ris
390 3639 463 3690 amos
479 3640 595 3704 appellat
609 3641 695 3692 strab.
734 3645 816 3707 ditur,
831 3645 862 3693 ad
880 3648 921 3694 ii·
935 3645 1047 3694 tumis.
1080 3645 1146 3696 Indo
1157 3647 1210 3695 iter
1220 3656 1261 3698 sat

168 3719 214 3769 lib.
225 3731 297 3766 xvir.
309 3731 334 3780 p.
346 3719 403 3765 818.
438 3717 693 3766 Parvsmeamiuau·
732 3735 780 3784 per
800 3727 962 3771 catarracten
986 3721 1017 3770 ati
1037 3722 1144 3772 insulam
1165 3725 1259 3783 Plutus,

168 3796 219 3844 lam
231 3791 307 3841 larissa
321 3791 395 3840 testis
411 3798 451 3839 est
467 3790 586 3852 utronno
603 3793 694 3844 Aristi·
733 3811 790 3861 quae
802 3803 842 3846 est
852 3797 900 3845 sub
911 3796 992 3860 gradu
1003 3800 1044 3846 at.
1057 3801 1081 3846 6.
1094 3797 1183 3847 sudem
1195 3799 1259 3848 Pto·

170 3872 225 3928 ἀει,
236 3869 279 3934 qui
290 3867 346 3918 fere
357 3875 438 3917 totam
453 3870 516 3917 urbs
533 3870 588 3933 ipsa
604 3871 641 3920 ait
651 3885 694 3920 oo·
731 3873 822 3922 lemaro
834 3879 982 3922 annotante.
1025 3875 1156 3924 Strabonis
1166 3875 1259 3940 ioerun,

170 3944 276 4006 superi:
303 3942 370 4006 qnod
392 3951 419 3992 st
435 3943 536 3992 Seneca
555 3952 695 4006 asseverat,
733 3947 779 3998 lib.
800 3960 870 3998 xvir.
892 3962 918 4013 p.
939 3951 996 3998 817.
1018 3948 1051 3996 tle
1073 3949 1259 4013 Elephantines

171 4021 266 4070 Natur.
276 4019 375 4070 Queat.
387 4032 426 4068 ιν.
438 4023 463 4068 ².
475 4033 500 4082 p.
511 4023 569 4071 885.
734 4025 795 4084 situ,
817 4031 919 4073 constat
940 4037 998 4072 esse
1019 4023 1147 4073 vitiatum.
1188 4024 1258 4088 Care

204 4103 219 4125 '
239 4094 276 4143 Aa
287 4095 362 4158 mars]
382 4094 613 4144 Mediterraneum.
735 4107 821 4147 nutem
830 4098 956 4148 Salmasio
967 4098 1057 4147 credas
1069 4099 1158 4159 aienti,
1169 4097 1258 4163 plal-

203 4177 216 4204 ⁸
234 4169 384 4233 Elspltoutis]
402 4171 694 4234 Quaeetern’uueon·
735 4175 761 4224 in
772 4175 853 4226 sollu.
870 4172 1060 4238 Elephantinen
1079 4189 1126 4238 pro
1144 4175 1225 4227 Pisilis
1244 4190 1259 4225 a
