3146 4924
307 433 373 502 sle
672 447 706 496 o.
728 444 852 494 nnrurr
874 444 1038 494 snorum

309 589 481 676 quinootio
495 607 599 654 uerno
614 589 650 654 in
665 587 902 654 autumnum.²⁶
938 588 1050 652 Semel
1075 587 1111 651 in
1135 607 1223 653 anno
1246 587 1404 652 Solstitio

308 693 458 757 oriuntur
468 693 511 756 iis
522 692 631 769 Soles,
640 692 822 774 brumaque
837 691 940 753 semel
952 689 1122 753 occidunt.
1152 689 1261 772 Regio
1272 689 1403 771 aprica,

307 793 399 859 felici
414 795 584 876 temperie,
598 794 687 857 omni
702 792 818 857 afflatu
827 797 853 840 ²⁷
875 791 980 855 noxio
996 809 1124 856 cerens.
1169 790 1302 855 Domus
1325 790 1369 853 iis
1382 796 1403 824 ¹⁰

307 915 449 973 nemora,
471 896 619 978 lucique,
639 902 674 958 et
698 895 847 959 Deorum
873 894 984 958 cultus
1013 893 1136 957 viritim
1164 893 1405 974 gregatimque,

307 996 476 1062 discordia
496 997 610 1079 ignota
631 1003 668 1059 et
690 995 851 1074 aegritudo
866 993 986 1058 omnis.
1031 991 1126 1056 Mors
1139 1010 1204 1056 non
1220 992 1285 1056 nisi
1302 993 1405 1056 satie·

305 1102 375 1162 tate
389 1099 480 1174 vitae,
498 1097 648 1181 epulatis
662 1096 881 1177 delibutoque
895 1094 989 1158 senio
1001 1093 1051 1132 ²⁸¹³
1073 1093 1169 1170 luxu,
1190 1113 1234 1158 ex
1254 1093 1405 1175 quedam

307 1219 391 1284 rupe
413 1199 448 1262 in
472 1217 562 1264 mare
584 1197 796 1262 salientibus.
840 1195 920 1261 Hoc
936 1214 1039 1278 genus
1054 1195 1234 1278 sepulturae
1249 1195 1405 1258 beatissi-

306 1319 409 1364 mum.
454 1299 600 1376 Quidam
616 1305 629 1332 ⁰
651 1315 711 1361 eos
733 1298 766 1361 in
788 1297 896 1380 prima
916 1301 1012 1378 parte
1028 1292 1125 1360 Asiae
1139 1295 1286 1360 littorum
1301 1313 1405 1378 posn-

307 1419 372 1476 ere,
388 1398 501 1463 nonin
517 1397 665 1479 Europa,
681 1397 760 1480 quia
776 1401 854 1460 sunt
868 1395 940 1461 ibip
962 1394 1066 1459 simili
1091 1395 1345 1472 consuetudine,
1369 1403 1404 1462 et

307 1499 383 1575 situ,
398 1496 592 1562 Attacorum
615 1497 789 1561 nomine.²⁹
833 1495 905 1559 Alii
929 1496 1083 1560 medios‘³
1105 1497 1212 1561 secere
1237 1517 1297 1561 eos
1321 1497 1404 1562 inter

306 1604 483 1683 utrumque
510 1597 636 1675 Solem,
667 1597 904 1681 Antipodnm¹
937 1615 1095 1661 oceasum
1126 1598 1404 1682 exorientemque

306 1705 456 1762 nostrum
472 1718 480 1762 :
504 1699 594 1781 quod
610 1697 680 1762 fieri
694 1698 785 1762 nullo
798 1698 899 1761 modo
912 1702 1035 1781 potest,
1051 1707 1120 1764 tam
1134 1705 1232 1762 vasto
1247 1700 1331 1763 mari
1353 1699 1403 1762 in-

306 1798 521 1863 terveniente.
565 1796 636 1876 Qui
651 1817 718 1862 non
728 1805 755 1845 ³⁰
777 1799 878 1862 alibi·
900 1817 1001 1880 qnam
1017 1800 1052 1862 in
1064 1800 1216 1864 semestri
1231 1800 1307 1864 lnce
1322 1819 1403 1864 con-

307 1901 442 1965 stituere
470 1918 543 1977 eos,
563 1918 674 1964 serere
697 1900 883 1978 matutinis,
910 1898 1045 1965 meridie
1067 1905 1203 1979 metere,
1225 1901 1405 1966 occidente

306 2257 355 2292 uss
365 2243 404 2292 die
413 2242 443 2292 sd
452 2243 700 2306 mamistiensis
710 2249 862 2295 mmm:
872 2260 919 2294 ssa
927 2243 1223 2308 stimpen'tidiserssslis
1231 2243 1317 2292 mersi.
1335 2243 1404 2293 uuo·

307 2307 360 2369 dig.
374 2311 480 2357 xvsti.
498 2308 566 2356 Vide
578 2309 646 2358 Bud.
656 2308 688 2356 de
700 2308 785 2359 Assa.
808 2309 879 2358 allisa
890 2309 1093 2359 mnesteus
1104 2313 1236 2361 uomere,
1248 2321 1295 2355 ass
1306 2306 1350 2362 st,'
1360 2310 1404 2369 dm

306 2371 467 2420 Doleo—2⁷
485 2371 570 2421 chiffl.
580 2371 788 2436 euristeum—28
806 2373 847 2422 lte
861 2387 951 2422 ornnes
969 2372 1046 2421 codd.
1060 2373 1188 2422 Hardnini
1205 2380 1232 2421 et
1244 2369 1328 2421 ciiiffi.
1342 2385 1402 2422 cum

307 2434 367 2483 edd.
380 2435 507 2484 Harduin.
521 2439 543 2483 1.
555 2440 579 2484 2.
591 2439 614 2485 t.
626 2435 722 2502 Miller.
735 2437 842 2500 Bipont.
853 2445 881 2485 et
893 2439 980 2485 Fraus.
994 2435 1143 2500 dilibutisque
1152 2435 1246 2485 essibus
1258 2434 1317 2483 illd.
1326 2435 1402 2486 duur.

306 2497 387 2546 Busil.
397 2498 478 2561 Lugd.
490 2499 582 2547 Deles.
595 2501 649 2548 Eis.
662 2508 689 2548 et
701 2501 881 2550 Gronau-29
897 2502 940 2549 lte
952 2498 1028 2550 codd.
1042 2500 1180 2560 llerduini,
1193 2500 1283 2548 Deles.
1301 2505 1328 2548 et
1340 2499 1403 2549 Pin-

306 2560 370 2609 tian.
381 2561 441 2609 item
455 2562 514 2610 edd.
527 2560 655 2612 llurduin.
667 2566 691 2612 l.
702 2568 727 2614 2.
735 2567 759 2612 ⁸.
770 2564 866 2613 Miller.
878 2565 984 2627 Bipout.
995 2573 1023 2614 et
1034 2565 1123 2612 Frons.
1132 2564 1173 2626 qui
1182 2570 1238 2612 sust
1248 2561 1403 2612 itisirsr'titrs·

299 2623 362 2672 dise
371 2627 472 2688 stritus,
481 2626 611 2675 simron
619 2627 719 2677 nme.
737 2625 796 2676 Aru
805 2628 880 2679 Junt.
893 2627 972 2679 Busil.
984 2627 1066 2690 Lugd.
1078 2628 1169 2676 Dalse.
1183 2626 1235 2676 Eis.
1246 2633 1274 2674 et
1284 2625 1402 2676 Gronov.

305 2689 370 2738 -id
387 2689 470 2740 codd.
488 2690 582 2742 Dslsc.
596 2699 624 2742 st
641 2689 726 2741 chiffl.
745 2699 773 2742 st
791 2692 854 2742 vet.
873 2692 965 2744 Deles.
982 2693 1072 2741 delent
1087 2690 1118 2740 rt
1131 2693 1251 2744 som-tl
1270 2691 1404 2742 lissodd.

795 2881 902 2934 Nom

308 2995 380 3051 sent,
392 2989 434 3040 nbi
446 2991 489 3041 Sol
505 3005 556 3042 sos
568 2993 693 3056 quotidie,
707 2993 832 3054 utuobis,
873 2994 1014 3058 tis‚inqnit
1034 2995 1143 3056 Plinius,
1161 3009 1208 3046 our
1222 2996 1326 3060 quidem
1345 2996 1403 3061 lly-

305 3065 353 3113 sed
372 3065 480 3127 primurn
494 3081 572 3116 seruo
591 3069 746 3132 aequinoctio
759 3082 833 3117 exor-
874 3067 1014 3132 perbereos
1025 3071 1051 3119 iu
1064 3071 1145 3134 prims
1157 3079 1231 3134 parte
1250 3071 1319 3120 Astra
1333 3073 1404 3122 litto·

306 3145 358 3199 tus,
378 3141 520 3189 autumnali
545 3140 647 3190 demum
668 3142 778 3192 occidit:
806 3151 834 3194 et
874 3157 930 3193 runi
951 3145 1093 3208 posuerint,
1104 3160 1136 3195 es
1150 3153 1199 3208 est,
1216 3147 1335 3209 qnoniam
1353 3147 1404 3195 At·

306 3213 365 3264 ideo
384 3229 431 3264 sex
450 3215 581 3266 mensibus
595 3216 661 3278 dies,
678 3223 706 3266 et
726 3216 834 3267 totidem
873 3218 954 3268 tscori
966 3219 1002 3267 rui
1021 3219 1155 3281 degentes,
1172 3220 1282 3268 similem
1299 3220 1403 3269 vivendi

306 3288 425 3338 aliisue:
440 3304 523 3354 usqne
539 3291 723 3342 contiuuaest.
755 3293 835 3342 Terre
872 3293 1049 3356 moriendique
1084 3294 1307 3349 consuetudinem.
1343 3309 1402 3345 cum

307 3371 425 3428 angusta,
445 3366 543 3428 aprica,
560 3380 607 3431 per
619 3381 646 3416 se
666 3364 836 3426 iertilisldre.
872 3367 940 3418 hsnd
959 3369 1069 3420 absimili
1088 3383 1190 3433 quaque
1206 3369 1269 3429 situ,
1287 3376 1404 3420 senune.

306 3437 777 3492 VideNotaretEmend.uum.1⁰0.
873 3443 1230 3494 DeAttseorisdiesmnsvs.
1240 3449 1282 3494 2⁰.
1397 3471 1401 3480 ·

338 3523 357 3550 ¹¹¹
373 3519 464 3567 Dasius
473 3517 515 3582 iis]
533 3518 634 3569 Plinius
645 3535 662 3569 e
672 3519 745 3570 liele
755 3534 798 3570 ru.
810 3526 838 3572 n.
876 3554 880 3560 .
905 3518 986 3567 ulii
1001 3519 1100 3582 medios]
1116 3519 1225 3574 Solinus,
1241 3533 1299 3582 sap.
1319 3522 1359 3568 lo.
1376 3533 1403 3583 p.

306 3591 332 3640 A
349 3591 436 3640 Plinio
452 3593 563 3650 Solinus,
581 3607 640 3656 esp.
651 3597 692 3644 lo.
712 3608 737 3656 p.
748 3597 789 3644 td.
806 3601 834 3644 et
872 3597 914 3643 so.

307 3669 348 3715 tt.
897 3675 908 3702 ¹
922 3669 1081 3734 Aeripedem]
1097 3669 1200 3720 Undss
1220 3669 1294 3720 nobis
1303 3671 1348 3722 Sol
1357 3685 1403 3722 oe-

339 3747 352 3773 ·
366 3741 523 3804 Daeiitutoqsoe
538 3743 614 3806 mio]
632 3742 675 3791 Ira
696 3742 762 3790 Mss.
781 3757 834 3792 orn·
874 3743 964 3793 oldsns
977 3744 1104 3807 pergitsd
1116 3745 1272 3810 Autipodas.

307 3829 371 3866 uss:
391 3815 628 3879 culturarumque
638 3817 738 3866 asilu.
762 3818 833 3867 Meis
905 3826 915 3851 ¹
932 3819 1038 3875 Quissn
1054 3819 1125 3882 otili]
1141 3819 1223 3872 doen·
1240 3829 1295 3870 est:
1311 3829 1402 3872 semim

307 3891 334 3939 id
347 3898 457 3952 tautum,
467 3892 516 3941 loc.
526 3891 590 3941 eit·
602 3891 706 3954 hilares,
721 3894 832 3944 redimiti
872 3893 1017 3955 matutinis,
1032 3907 1089 3943 sum
1108 3894 1190 3958 primo
1209 3909 1298 3946 msuss
1317 3895 1401 3945 unum

307 3967 399 4017 sertis?
414 3967 646 4031 Solinus,‘epnlati
654 3968 832 4034 delituitque)
872 3965 1282 4032 disiiliiusssmestrisidsgunt:
1300 3977 1403 4020 mersus

338 4050 351 4076 ⁰
368 4042 483 4105 Quidam]
496 4043 590 4095 lislam
598 4044 769 4108 Pomponium
781 4045 833 4110 sig·
872 4041 991 4106 meridie,
1003 4051 1166 4094 sumersete
1177 4045 1234 4108 jars
1245 4046 1340 4096 tertio:
1358 4059 1403 4096 oe-

311 4119 425 4180 nst,loe.
436 4119 482 4168 eit.
873 4117 977 4169 sidente
993 4119 1062 4183 siole,
1080 4120 1224 4184 decerpunt
1241 4119 1328 4185 fretus,
1343 4135 1403 4174 sum

341 4193 434 4248 leia
443 4193 554 4257 nerui]
573 4194 615 4243 lts
626 4201 699 4244 reete
711 4201 764 4245 ret.
781 4196 834 4245 Ds-
872 4200 955 4244 sexto.

307 4267 357 4318 iso.
366 4269 425 4322 sod.
437 4278 465 4322 st
476 4270 559 4320 Paris.
570 4285 629 4321 eum
641 4267 772 4323 Piniisuo.
783 4271 834 4322 lis·
