3168 4930
295 369 361 436 592
662 381 693 428 c.
717 377 836 428 norun
862 377 1023 428 securior

297 544 423 592 cornua
436 527 600 602 emittens,
617 525 860 605 Leucopetram
875 521 1027 598 dextere,
1047 519 1222 585 Lacinium
1239 518 1392 584 sinistra.

300 629 427 711 Patere*
440 628 650 710 longitudine
665 627 709 690 ab
722 624 848 708 Alpino
863 623 929 686 fine
944 623 1120 686 Praetoriae
1136 619 1308 702 Augustae,
1328 641 1394 702 per

296 728 421 792 Urbem
447 728 665 812 Capuamque
690 745 788 789 cursu
811 730 952 800 meante,
976 723 1143 803 Rhegium
1169 722 1331 804 oppidum
1354 723 1392 785 in

295 831 433 894 humero
448 830 521 913 ejus
537 829 648 903 situm,
664 845 685 890 a
705 844 773 909 quo
789 824 893 888 veluti
908 823 1047 888 cervicis
1060 823 1180 904 incipit
1194 821 1315 901 flexus,
1331 823 1391 888 dc-

294 932 364 997 cies
379 937 520 1000 centcna
534 933 568 993 et
584 926 701 1008 viginti
724 925 828 990 millia
849 943 1029 1008 passuum:
1054 925 1225 1006 multoque
1246 926 1390 1006 amplior

293 1051 447 1098 mensura
457 1032 549 1095 fieret
564 1027 738 1092 Lacinium
752 1034 886 1109 usque,q
901 1027 937 1089 ni
956 1026 1036 1090 talis
1051 1025 1233 1109 obliquitas
1252 1026 1390 1090 inlatus

294 1132 422 1215 digredi
443 1131 620 1196 videretur.
665 1127 825 1192 Latitudo
847 1128 919 1211 ejus
941 1129 1035 1192 varia
1057 1135 1126 1192 est:
1155 1144 1289 1192 ccccx.
1311 1128 1391 1194 mil-

293 1235 432 1299 iium¹²‘
452 1231 627 1296 interduo
648 1231 763 1307 maria,
787 1229 925 1294 inferum
947 1239 981 1295 et
1004 1238 1184 1314 superum,⁵
1206 1247 1390 1312 amnesque

293 1334 443 1400 Varumt
463 1340 563 1415 atque
578 1330 734 1395 Arsiam:
757 1330 903 1408 medias
926 1328 1143 1414 atquessfcrme
1165 1331 1255 1396 circa
1269 1331 1386 1415 orbern

294 1435 450 1512 Romam,
465 1436 510 1500 ab
525 1434 612 1498 ostio
626 1431 766 1497 Aterniv
786 1433 892 1496 amnis
914 1434 949 1497 iu
963 1432 1174 1498 Adriaticum
1189 1451 1278 1496 mare
1293 1431 1391 1495 tuttu-

294 1537 392 1613 eutis,
408 1537 450 1600 ad
473 1533 630 1599 Tiberina
647 1533 736 1598 ostie
755 1549 925 1598 cxxxvi.
941 1540 974 1599 et
988 1535 1092 1616 paulo
1107 1535 1215 1598 minus
1232 1553 1254 1598 a
1267 1531 1390 1597 Castro

294 1657 381 1704 novo
397 1636 558 1702 Adriatici
571 1637 671 1699 maris
687 1633 820 1699 Alsium
834 1636 878 1714 ad
894 1637 1043 1701 tuscum
1059 1655 1191 1719 aequor:
1213 1635 1302 1700 baud
1317 1633 1390 1698 ullo

295 1736 373 1801 iude
386 1737 462 1802 loco
478 1745 558 1801 oo.¹³
568 1745 588 1772 '
602 1739 636 1802 in
650 1736 858 1802 latitudinem
875 1738 1054 1804 excedens.
1083 1737 1260 1802 Universae
1274 1741 1389 1800 nutem

294 1837 440 1903 ambitus
455 1857 477 1902 a
490 1838 583 1903 Varo
598 1837 640 1901 nd
654 1835 789 1901 Arsiam
804 1829 906 1902 ῑῖεῐ.
922 1858 1015 1922 pass.
1032 1846 1165 1903 mit-¹4¹
1180 1836 1294 1903 efficit.

750 1998 933 2022 vernoune

294 2103 388 2154 Deles.
399 2103 424 2151 ia
435 2099 863 2166 taeeo.—12vet.cort.ap.naet‚
886 2108 913 2153 at
935 2109 989 2155 vet.
1009 2103 1069 2154 lect.
1089 2106 1149 2152 ante
1171 2101 1261 2151 lictae.
1283 2099 1388 2149 CCXC.

295 2168 346 2216 nsit.
370 2165 431 2214 vtd.
444 2166 507 2215 Not.
517 2165 579 2214 Vas.
607 2165 853 2218 Menandrum
867 2167 946 2226 ferme
957 2181 1046 2230 margo
1058 2165 1118 2216 cdd.
1130 2165 1222 2215 Dalec.
1234 2172 1261 2215 et
1272 2164 1388 2214 Gronov.

293 2236 323 2280 ut
347 2229 458 2279 mediam
479 2229 644 2278 latitudinem
666 2229 804 2292 intelligas,
825 2245 875 2280 non
896 2231 999 2281 ltaliam
1024 2229 1143 2280 mediam.
1181 2227 1266 2280 cttffl.
1287 2227 1389 2276 surdiora

295 2297 447 2343 autem-tt
481 2292 649 2357 ‘Lugendum
667 2297 779 2354 ueruto,
805 2308 836 2342 ex
866 2296 919 2344 anti
940 2329 947 2344 .
965 2295 1025 2344 cod.
1059 2294 1215 2372 astipulante
1235 2291 1390 2341 Marciano!

295 2359 380 2408 Dalm.
396 2357 439 2407 Its
450 2371 552 2420 unoque
568 2356 682 2406 Pintian.
693 2369 758 2405 unus
769 2357 852 2406 codex
864 2373 906 2422 ap.
922 2312 1000 2421 last,
1019 2357 1145 2408 llardom.
1164 2362 1187 2406 l.
1202 2361 1226 2406 i.
1247 2360 1272 2405 8.
1289 2354 1389 2404 Miller.

296 2422 404 2484 Bipout.
412 2427 440 2469 et
451 2421 544 2469 Franz.
553 2419 560 2446 ‘
568 2419 641 2466 Bene
650 2418 727 2467 codd.
737 2419 817 2482 Regg.
829 2425 853 2469 2.
865 2427 889 2471 5.
900 2429 927 2470 et
939 2423 987 2472 Ed.
998 2436 1038 2485 pr.
1053 2424 1103 2472 00.
1116 2421 1257 2484 Perperam
1269 2419 1388 2469 eruditus

295 2485 445 2534 Harduiuus
454 2497 471 2532 e
483 2483 547 2532 Mas.
558 2489 586 2531 et
598 2482 728 2530 Martiano
740 2483 897 2546 emendavit,
917 2486 993 2535 CCC.
1011 2485 1091 2535 Patet
1102 2487 1170 2535 enim
1182 2485 1265 2535 cuivis
1284 2483 1388 2533 Italiam

294 2546 443 2610 inspicienti
456 2546 488 2595 ab
499 2544 580 2600 Atrio,
591 2558 659 2594 nunc
672 2544 746 2594 Terra
754 2549 781 2596 di
795 2547 940 2606 Mamurrae,
957 2549 1085 2612 usquead
1101 2551 1241 2614 Rhegium,
1258 2561 1325 2596 nnnc
1340 2547 1388 2596 Re·

291 2611 344 2672 gio.
364 2624 420 2659 eam
434 2611 486 2660 00.
508 2609 586 2658 millia
606 2623 726 2671 passuum
746 2611 771 2660 in
793 2611 956 2662 latitudinem
978 2627 1028 2663 uon
1049 2613 1196 2662 excedere!
1214 2613 1387 2662 limites-lt

293 2674 402 2739 ‘Antip
419 2673 477 2724 cod.
489 2675 527 2724 sic
543 2672 929 2735 namrmutesreareaaxtrx.
948 2678 986 2726 M.
1006 2678 1032 2727 io
1049 2691 1126 2742 quam
1146 2690 1291 2728 mensnram
1308 2675 1387 2723 etiarn

293 2739 440 2789 Martianus
452 2745 478 2788 et
490 2738 592 2787 Solinus
604 2738 786 2787 consentiunt!
799 2741 884 2790 Dnlec.
911 2743 1050 2791 Salmasius
1058 2741 1194 2804 tegendum
1214 2747 1304 2802 putat:
1327 2739 1388 2786 Usi·

293 2817 367 2851 nerra
383 2802 484 2852 ambitus
506 2817 521 2850 n
541 2801 603 2851 Varo
613 2803 645 2849 nd
656 2803 761 2864 Arsinia,
771 2803 843 2852 vicies
852 2806 1115 2868 cmmqaadragtma
1124 2821 1206 2854 accan
1220 2803 1303 2852 millio.
1320 2801 1388 2850 Edd.

291 2873 358 2916 vett.
369 2866 448 2917 liasil.
461 2865 543 2928 Lugd.
554 2863 664 2923 Esseni,
675 2865 764 2918 Dalrc.
778 2866 862 2932 Lugd.
874 2873 947 2920 16⁰6.
959 2869 1015 2918 Etr.
1033 2878 1061 2919 et
1075 2869 1191 2920 Gronov.
1212 2867 1304 2918 XXX.
1321 2880 1386 2929 psas.

783 3029 891 3080 NOTAE

290 3141 324 3191 iia
336 3139 388 3190 duo
399 3144 523 3202 extrema,
535 3153 583 3190 ceu
594 3153 690 3190 cornua
700 3139 819 3204 qnondam
859 3145 922 3195 tudo
937 3146 1021 3196 ltalia
1038 3145 1203 3212 tiu...Justs
1214 3144 1326 3196 Plinium
1339 3145 1387 3196 Se·

291 3215 819 3280 porrectiora,amtrrnntnrtnmarerteu·
859 3221 990 3271 cundum!

292 3297 400 3355 rupetra
411 3289 581 3351 dextrum,nd
592 3288 686 3340 fretum
696 3291 821 3357 Siculum,
891 3303 900 3329 ¹
916 3296 1032 3357 [ουἰνιιηι.
1047 3303 1071 3346 et
1087 3295 1338 3361 Supema1'l'uscnm
1355 3293 1385 3342 il·

294 3367 359 3429 Carpo
370 3363 520 3414 dett’Arsn'r
537 3365 667 3416 sinistrum
685 3366 819 3418 Lacinium
859 3371 914 3434 lud,
931 3371 1001 3422 istud
1012 3370 1173 3425 Adriaticum
1192 3369 1270 3435 vulgo
1288 3384 1386 3422 unucu-

291 3439 475 3505 appellatorio
487 3439 651 3490 Crotoniensi
666 3455 738 3504 agro,
755 3443 819 3506 Copa
860 3454 946 3510 patur.

289 3517 472 3570 uerberasse.
498 3515 615 3566 Medium
627 3517 694 3568 inter
705 3516 763 3569 bisc
771 3519 819 3568 Co·
890 3522 1017 3586 ‘Varum
1036 3522 1088 3586 tre]
1104 3523 1188 3572 Vama
1207 3521 1385 3572 Narbonensis

291 3590 402 3651 ctntbos,
414 3593 478 3654 Cape
489 3591 515 3640 di
526 3592 599 3641 Stilo.
857 3597 963 3660 Gallina,
974 3606 1004 3649 ut
1014 3599 1113 3648 dictum
1129 3605 1171 3647 eat
1181 3611 1240 3661 cap.
1250 3595 1385 3660 suplicia.

323 3664 440 3728 rPotet]
459 3665 526 3714 lloec
546 3667 636 3717 iisdem
656 3667 711 3718 iere
732 3668 817 3720 verbis
858 3672 937 3723 Arsia
947 3673 1005 3724 finis
1017 3673 1111 3738 italie,
1122 3681 1152 3724 nt
1163 3673 1266 3724 dicetur
1276 3687 1332 3736 cap.
1342 3677 1385 3722 28.

290 3739 392 3790 Solinus
402 3751 430 3790 et
441 3741 557 3804 Capella,
568 3743 631 3791 tucis
645 3744 691 3794 cit.
704 3752 731 3792 et
744 3744 817 3794 Missi
858 3747 884 3796 iu
896 3749 982 3798 latria.

290 3814 437 3866 Theodosii.
478 3815 521 3862 Da
544 3814 662 3879 Augusta
691 3819 818 3869 Pretorio
889 3821 1383 3888 '¹Meditassiictaprorimasstltsliae

291 3889 405 3945 Mecinus
417 3904 474 3954 cap.
487 3893 527 3938 ut.
856 3911 972 3960 summe,
984 3913 1035 3962 qna
1046 3899 1158 3964 cingitur
1167 3900 1287 3964 Alpibus,
1298 3900 1384 3955 latitu-

323 3965 471 4018 ulaciaisun
479 3964 562 4029 usque]
577 3967 663 4015 Docta
675 3979 774 4017 rursum
786 3984 817 4019 cc
857 3971 905 4020 do:
923 3986 992 4020 nnuc
1013 3973 1129 4034 ejusden
1148 3976 1250 4037 media,
1265 3975 1310 4025 ubi
1327 3973 1382 4022 lere

291 4051 396 4102 unques
409 4041 490 4103 Regio
501 4040 597 4102 oppido
608 4053 732 4089 mensura.
857 4046 938 4094 Roma
951 4054 1001 4108 cat,
1014 4047 1123 4098 latitudo
1134 4051 1264 4114 signatur:
1283 4057 1383 4113 postre-

323 4120 333 4145 ¹
350 4116 478 4166 CCCCX.
495 4116 568 4180 mid]
584 4116 625 4165 ltn
641 4115 750 4178 Solinus,
760 4133 818 4182 cap.
856 4121 1029 4185 camelique.

290 4190 316 4238 2.
332 4193 443 4252 papia.
478 4191 711 4245 Missil'beudosii:
728 4193 816 4243 ‘Lad-
888 4196 975 4258 Y‘Atr
997 4199 1056 4248 ostio
1078 4198 1176 4262 Aterni]
1201 4201 1279 4252 littus
1298 4203 1381 4254 locum
