3140 4926
430 417 481 464 nn
504 417 536 464 o.
558 415 679 466 rururr
703 414 868 482 suourrur
893 418 967 465 urs.
988 420 1044 466 ιιι.
1215 407 1281 473 711

225 561 267 606 44.
283 553 353 606 lbid.
378 554 485 618 Coaspito
506 553 615 616 huon]
640 554 719 604 Larsa
757 556 888 618 pcrtiuara
899 556 1063 606 casaubonus
1078 557 1242 618 existimarit,
1253 563 1281 612 iu

191 628 220 680 in
236 631 353 690 compitis
367 630 417 678 coli
434 630 534 683 solitos.
553 629 720 692 prosorrer·
757 630 824 678 noris
843 629 874 679 ad
891 631 1060 682 Strabonum:
1084 647 1141 682 eum
1161 636 1210 684 irta
1228 638 1280 688 siut

197 714 262 768 tum,
286 713 396 756 testatur
417 704 497 755 Ouid.
517 707 586 755 Fari.
610 717 642 754 ιι.
662 709 719 757 615.
756 703 782 753 in
802 705 905 762 Bruttio,
927 706 1006 754 Plinii
1024 706 1149 756 Taurania
1164 709 1190 758 in
1206 711 1281 762 Cam.

194 781 265 833 ‘Qui
286 781 398 844 compita
420 788 535 840 serrant,
558 781 592 829 Et
613 781 720 843 vigilant
757 795 905 843 panougro.

195 863 283 904 nostra
301 869 402 918 semper
421 856 446 903 iu
464 855 537 909 urbe.
557 854 652 905 lares?
685 857 720 904 Et
788 859 829 904 49.
846 856 913 905 Cau.
925 868 964 905 ιι.
982 856 1280 922 Dirioeproptorordiaem,

194 931 359 995 Tranquillus
386 931 420 980 dc
447 931 576 993 Λιιςιιιιο,
598 945 658 993 cap.
679 934 720 982 11.
757 932 1021 994 pumiiemaombmni
1038 933 1141 994 singulis
1157 936 1282 1000 vocubulis]

193 1005 371 1068 ‘Compitales
388 1005 484 1066 Lares,'
501 1006 593 1069 iuquit,
610 1005 720 1056 ‘ornuro
757 1007 863 1058 inrisa.
881 1008 1041 1070 proauorum.
1076 1011 1156 1059 Forte
1175 1011 1210 1061 ita
1227 1027 1281 1062 rec·

192 1081 232 1130 bis
250 1081 275 1130 iu
293 1095 360 1130 onno
375 1081 498 1141 instituit,
510 1081 596 1130 seruis
607 1079 720 1138 floribus,
758 1083 817 1138 tius,
829 1097 886 1132 oum
902 1085 1025 1134 Toletano
1042 1084 1157 1133 Pintiaui
1175 1087 1280 1137 codice:

191 1156 349 1206 ererum!
383 1157 452 1206 Hine
468 1157 621 1206 Tertulliani
636 1157 719 1206 locum
757 1159 859 1222 Propter
874 1159 979 1208 ordinem
997 1174 1040 1221 quo
1056 1160 1126 1208 siiae:
1142 1175 1157 1209 o
1174 1177 1219 1224 pao
1236 1164 1282 1213 iic·

191 1233 278 1282 obitur
299 1233 474 1290 emendamus,
495 1231 528 1280 de
550 1231 720 1294 Spectaculis,
756 1247 809 1282 noa
827 1235 920 1284 aomirm
937 1235 1047 1296 singulis,
1066 1235 1149 1298 Prote,
1164 1243 1187 1286 et
1206 1239 1282 1290 Mese.

192 1322 251 1370 cap.
262 1313 287 1357 4.
297 1309 340 1356 ubi
353 1316 427 1356 ratris
443 1307 500 1355 lroeo
516 1321 568 1356 arsa
587 1307 719 1370 inscriptio
755 1309 798 1359 Ab
809 1311 909 1371 ordine,
920 1311 1011 1372 inquit,
1022 1324 1097 1375 quern
1110 1313 1188 1362 cortis
1201 1315 1281 1366 inter·

194 1383 308 1446 legitur:
338 1384 450 1433 Consus.
479 1395 611 1434 consumo.
639 1385 719 1433 Μιιιι
757 1385 829 1434 milis
847 1386 978 1449 disposite
997 1387 1036 1436 bar
1055 1396 1158 1438 serrant
1179 1389 1281 1447 insule,

193 1470 313 1506 urcino.
322 1457 423 1506 Lanos.
433 1469 558 1508 courum.
570 1471 717 1510 portunus.
756 1461 780 1508 iu
793 1461 939 1510 universnm
957 1463 1105 1513 Stoecbadcs
1115 1465 1193 1514 dictos
1205 1475 1279 1516 suut:

193 1535 322 1599 Rigaitius
365 1537 456 1600 edidit,
494 1537 567 1585 erite
605 1543 719 1599 potmies.
754 1551 892 1601 rursusque
908 1537 1047 1587 abeodem
1065 1539 1279 1604 ordinesingula·

193 1611 385 1662 Grammaticos
402 1613 489 1662 uescio
501 1613 557 1676 quis
569 1613 667 1676 Conso,
677 1613 716 1663 id·
754 1614 798 1662 tim
810 1612 857 1662 ribi
869 1626 977 1677 qunque
994 1629 1085 1663 nomen
1102 1615 1207 1664 univit:
1228 1617 1280 1678 pri·

192 1699 244 1750 quc
261 1701 308 1750 pro
325 1687 382 1736 ndo
393 1687 469 1750 jubet
485 1689 585 1750 accipi:
602 1687 718 1739 domico·
754 1701 798 1736 orc
815 1701 902 1737 carum
919 1687 1021 1737 Prima:
1038 1690 1120 1739 altera
1137 1705 1205 1755 moa,
1222 1692 1278 1742 Me·

188 1763 302 1826 liumqos
324 1764 452 1827 quondam
473 1765 569 1813 dictum
589 1779 646 1814 esse
670 1779 717 1828 pro
753 1763 811 1813 dia:
832 1763 985 1827 demumque
1005 1765 1093 1829 tertia,
1114 1767 1210 1815 Ultima
1233 1782 1278 1832 ap·

189 1839 327 1896 domicilio,
339 1841 385 1889 boc
396 1855 446 1890 uno
455 1840 547 1890 ductus
557 1851 718 1904 argumento,
754 1841 859 1903 pellata.
892 1841 975 1890 Porro
998 1843 1136 1892 vernacula
1162 1843 1279 1893 Stoecba·

189 1915 344 1980 suspicetur.
387 1917 443 1979 Ego
471 1917 602 1974 libentius,
629 1919 717 1968 unns
754 1913 1278 1981 dumnomiuaPiuetusctDalccampina

188 2003 321 2042 concino.
332 2005 478 2042 soranum.
488 1995 645 2056 agnoverim.
668 1995 718 2043 La-
754 2003 786 2038 ea
796 1990 1033 2050 comminiscuntur,
1045 2006 1103 2054 quius
1119 2005 1167 2040 nec
1180 1995 1278 2043 esteris

192 2068 264 2116 ribus
276 2068 361 2118 dicata
372 2069 502 2130 compita,
517 2077 546 2118 ct
556 2069 604 2117 sub
614 2069 719 2118 Larium
754 2083 803 2118 uec
813 2069 940 2133 indigenis
950 2077 1011 2118 nota
1022 2069 1081 2118 sint.
1099 2069 1195 2120 Honor.
1210 2071 1279 2121 Bou·

188 2144 274 2193 tuteiu
298 2143 467 2208 presidioque
497 2155 530 2192 aa
552 2157 619 2200 esse,
645 2143 718 2194 ludos
755 2144 813 2204 cbo,
828 2143 990 2192 ilist.Pror.
1003 2157 1024 2191 r.
1037 2143 1279 2206 ⁷·aPomponisna
1357 2139 1362 2148 “

191 2217 290 2268 idcirco
310 2219 498 2281 Compitaiitlos
514 2221 668 2282 appellatos,
685 2235 718 2270 ex
756 2219 849 2268 blesen
861 2232 997 2282 perperam
1009 2218 1162 2282 distinguit:
1178 2221 1221 2270 alii
1233 2221 1278 2270 ali-

188 2294 308 2356 compiris
316 2295 341 2342 in
353 2293 446 2358 quibua
457 2293 629 2356 agitabuntur,
639 2295 717 2344 docet
755 2299 797 2343 ter
807 2302 927 2356 peccant.

187 2369 348 2430 Macrobius,
374 2369 477 2418 Saturu.
505 2383 526 2419 r.
552 2374 577 2422 7.
604 2385 631 2433 p.
657 2375 715 2421 rat.
787 2373 828 2418 bil.
845 2369 970 2418 cmxii.
986 2368 1279 2431 Abesioosdisl'oloter·
1300 2375 1302 2382 “

185 2442 578 2508 ι(11)ιιιιι11ιιΙίι,’1ιιιιιι11Ἶιιιο,
591 2445 623 2494 do
638 2445 714 2508 Ling.
752 2443 827 2504 raaia,
838 2443 987 2509 lilim]
1002 2445 1277 2508 Corrupturbauddu·
1378 2465 1383 2474 ·

188 2519 246 2568 bat.
264 2519 307 2568 lib.
326 2533 353 2568 r.
374 2532 399 2581 p.
419 2523 461 2570 49.
483 2519 712 2570 ‘dissurtribntos
753 2517 795 2566 bie
818 2533 946 2581 uumerus,
966 2535 1023 2569 cum
1047 2534 1091 2570 xo.
1117 2521 1222 2570 circiter
1244 2533 1275 2570 rr.

187 2594 297 2644 Laribus
305 2609 312 2644 ε
320 2593 431 2644 ..uideo
441 2593 483 2644 ubi
493 2595 541 2644 riu
551 2602 713 2660 competunt,
750 2608 818 2656 pass.
831 2595 1017 2658 internusque
1029 2595 1087 2645 loca
1100 2611 1168 2644 nurnc
1179 2610 1275 2659 suppu-

186 2676 242 2718 tnm
258 2669 286 2717 in
300 2669 418 2730 compitis
429 2667 600 2717 sacrificatur.
631 2669 714 2721 Quot·
752 2677 849 2719 tentor.
882 2671 955 2720 Nota
969 2669 1085 2719 fortassis
1097 2673 1238 2719 centenarii
1249 2673 1275 2720 in

187 2743 261 2792 anuis
295 2744 317 2791 ia
350 2743 406 2792 dies
431 2743 594 2806 concipitur.¹
634 2744 713 2807 Apud
751 2745 946 2810 quingenarium
966 2743 1067 2793 deiioaa
1087 2744 1120 2792 ab
1139 2759 1276 2794 anaunen-

186 2818 304 2868 Serrium
321 2831 371 2867 uou
389 2819 478 2872 semel,
495 2818 596 2868 ‘Lares
606 2817 713 2870 Vialrs.’
751 2821 821 2871 sibus
832 2827 881 2875 cst,
889 2821 1065 2883 scriptumque
1074 2831 1141 2868 uu.
1151 2833 1197 2881 pro
1205 2833 1276 2869 carr.

188 2895 272 2945 Vetus
292 2897 431 2959 inscriptio
447 2911 491 2960 ap.
510 2897 616 2948 Gruter.
635 2912 660 2961 p.
672 2903 711 2948 84.
751 2896 820 2948 Quin
837 2897 858 2944 si
870 2894 1035 2944 Artemidoro
1052 2894 1190 2954 credimus,
1205 2894 1274 2957 apud

187 2983 241 3021 uss.
252 2985 426 3026 nsauvsors.
436 2985 517 3023 urvis.
527 2985 628 3023 nuruis.
644 2985 713 3027 ura·
749 2970 886 3032 Agauen.
895 2968 991 3033 Gcogr.
1004 2982 1024 3018 r.
1035 2974 1060 3018 ⁵.
1071 2969 1173 3032 gemina
1186 2978 1275 3020 cente·

188 3057 295 3097 nstris.
750 3047 815 3096 narii
827 3053 888 3096 uota
903 3044 1012 3095 librariis
1031 3045 1139 3107 excidit,
1147 3045 1274 3110 scribique

217 3124 259 3170 47.
276 3120 343 3172 ibid.
361 3123 401 3171 Ad
421 3123 466 3172 Ca.
478 3123 625 3186 Pompeiam,
640 3128 664 3174 rt
680 3123 710 3173 Ι..
749 3135 854 3172 neccsse
864 3127 906 3171 cst
916 3133 1034 3171 conans.
1049 3121 1198 3184 Traiectum
1207 3121 1274 3171 eni

188 3197 432 3261 CsimanItalibri
445 3213 530 3247 ornnes
542 3208 594 3248 tura
605 3199 711 3260 impres·
749 3195 786 3246 ait
797 3211 853 3246 csse
865 3195 1005 3245 stadiorum
1017 3194 1054 3243 bis
1070 3195 1140 3243 millo
1151 3194 1274 3244 ducento-

185 3272 217 3329 si.
235 3277 289 3322 tum
307 3287 383 3322 mauu
400 3273 583 3330 marathunta
602 3275 710 3324 Hermo·
749 3287 814 3322 rum.
850 3271 902 3321 Sed
935 3270 1052 3334 coarguit
1081 3268 1274 3320 Artemidorum

147 3353 149 3357 ’
186 3350 264 3410 hum,
290 3351 334 3414 qui
357 3350 389 3399 L.
410 3349 539 3398 Cmbuaeus
565 3351 711 3412 importuno
748 3346 851 3402 Strabo.
863 3345 907 3396 lib.
920 3359 946 3394 r.

186 3425 306 3486 obtrusit,
328 3439 403 3488 qoem
426 3424 494 3474 bello
514 3425 635 3480 Marsico,
656 3425 711 3475 siro
781 3426 823 3472 tl.
840 3419 909 3469 ibid.
936 3419 1037 3468 AEaorio
1058 3417 1122 3482 ipss]
1153 3419 1214 3468 Sive
1242 3419 1275 3468 ab

185 3501 280 3551 bocioii
300 3499 398 3549 nullum
416 3497 495 3548 fuisso
515 3499 651 3548 Consulem
665 3501 711 3549 aci·
749 3495 1030 3556 AEnraeatatioua,airc
1043 3493 1075 3542 sb
1087 3493 1151 3542 aiino
1165 3495 1275 3558 aurisque

185 3591 250 3629 mor.
293 3577 354 3626 Fuit
376 3590 437 3625 uero
459 3577 488 3626 L.
516 3577 624 3625 Porcius
647 3577 711 3626 Coto
749 3569 983 3632 moraiiir,AEuaria
997 3568 1069 3616 dicta
1083 3569 1208 3633 ait,quaai
1225 3571 1276 3621 Ab·

186 3667 254 3702 auno
288 3651 402 3701 seeundo
433 3652 491 3714 ejus
520 3651 590 3712 beili,
618 3652 651 3700 U.
680 3653 711 3702 c.
749 3649 831 3706 noris,
848 3641 957 3705 Αἰναρίαν
975 3643 1102 3704 scripsere
1124 3659 1181 3693 curn
1200 3646 1274 3709 dipli-

187 3741 289 3779 ncnxv.
305 3743 363 3778 cum
375 3730 423 3779 cu.
436 3729 560 3792 Pompeio
574 3728 711 3790 Strabone,
750 3724 843 3785 tbongo
863 3721 960 3785 antiqui
979 3733 1083 3768 omncs:
1108 3734 1172 3770 rinos
1194 3722 1275 3773 imm

185 3809 235 3858 (in.
245 3807 363 3870 Pompeii
376 3806 463 3865 Mrrnt
476 3814 560 3868 patra.
748 3801 783 3850 sit
792 3799 903 3848 omnium
912 3796 1053 3862 Appianur,
1064 3797 1132 3846 licii.
1141 3799 1216 3847 Cirii.
1230 3800 1273 3849 lib.

216 3888 258 3934 48.
286 3882 355 3932 ibid.
385 3881 516 3944 Toumaio]
545 3881 709 3943 Stephanus:
748 3890 775 3924 v.
788 3878 883 3938 pili.
900 3873 943 3937 qul
963 3874 1034 3930 νῆσον
1051 3873 1095 3924 ’ὼ
1112 3875 1275 3934 Πιθηκούσσας

184 3958 308 4022 leupario),
324 3956 516 4020 adtrr'lrailos,
530 3955 598 4006 forto
614 3957 712 4006 buore·
750 3949 986 4009 rocablrrindo'rw
995 3949 1098 4015 Αἰναρία.
1133 3954 1274 4017 Namquod

183 4036 302 4087 ferenda.
328 4034 405 4097 Apud
417 4035 512 4082 Melam
525 4045 557 4082 ιι.
565 4037 590 4082 4.
607 4030 711 4081 Tauria·
749 4027 857 4076 suadere
877 4026 1014 4076 Salmasius
1031 4028 1130 4087 nititur,
1147 4027 1172 4075 iu
1193 4029 1272 4079 Solin.

184 4127 245 4162 ιιιιιιι
257 4119 314 4161 est:
341 4109 409 4173 apud
427 4110 588 4164 Strabonem,
607 4108 651 4157 lib.
672 4121 710 4157 vr.
749 4105 931 4166 primuml.
950 4109 978 4150 ot
995 4102 1139 4150 Bocbortna
1159 4103 1192 4151 ds
1210 4104 1272 4154 Ani·

186 4201 215 4249 p.
226 4191 282 4235 154.
295 4186 365 4248 regio
377 4185 516 4234 Tauriana:
534 4183 578 4233 sod
590 4183 621 4230 ad
635 4184 711 4234 Plinii
749 4181 807 4230 mal.
820 4192 863 4228 ιιι.
874 4191 898 4228 o.
914 4181 955 4226 ai.
968 4191 994 4238 p.
1005 4181 1061 4226 99⁴.
1084 4178 1167 4228 Scribi
1182 4180 1273 4230 Esurio

187 4259 344 4310 'lauroniaar
362 4259 424 4310 nibil
442 4259 493 4309 ista
507 4259 646 4324 pertinent,
663 4259 711 4308 etsi
748 4265 880 4322 oportere,
901 4261 931 4306 ut
952 4254 984 4304 ab
1006 4254 1136 4316 auaribns,
1155 4257 1203 4310 boo
1221 4269 1271 4312 cor,
