3146 4924
519 447 607 500 uer.
628 447 726 499 urar.
749 449 824 497 ure.
845 451 881 496 v.
902 433 936 498 2.
1198 429 1264 498 897

178 615 288 680 usque
301 591 516 660 Mauritaniae
530 593 698 680 longitudo
712 595 845 659 decies·
867 593 1002 674 triginta
1015 587 1133 657 novem
1150 591 1260 658 mill.⁴⁸

174 696 334 762 Latitudo
349 695 656 780 quadringentorum
672 695 848 777 sexaginta
860 701 987 776 septem
999 693 1081 758 mill.
1097 701 1217 777 pasa.⁴⁹

218 814 260 862 rr.
280 795 373 883 (ιιι.)
394 795 450 861 Ab
466 795 636 881 Ampsaga
650 795 812 862 Numidia
826 791 901 872 ost,‘
922 793 1151 858 Massinissa⁸
1172 797 1262 862 clara

172 901 315 976 nomine,
331 896 565 982 Metagoniris¹²
586 903 673 962 terra
687 916 708 962 a
722 895 853 960 Graecis
869 896 1040 978 appellata
1055 880 1259 961 {Numidam

173 1021 252 1066 vero
268 999 458 1067 Nomadest'
482 1021 504 1066 a
518 999 741 1084 permutandis
754 997 910 1081 pabulis‚¹
933 997 1080 1081 mapalia
1102 1017 1173 1075 sna,
1197 995 1261 1061 hoo

171 1245 266 1296 Miller.
278 1246 384 1308 Bipont.
394 1252 421 1295 et
432 1247 524 1295 Frena.
534 1243 714 1294 CCXXXIII.
724 1243 783 1294 edd.
800 1248 864 1294 vett.
875 1248 901 1291 et
915 1242 1094 1294 Gronau-⁴8
1111 1240 1261 1292 Marcianus

171 1317 199 1357 et
211 1308 294 1359 chiffl.
304 1311 379 1359 deoiea
390 1326 422 1361 or.
433 1309 461 1358 X
463 1310 520 1359 XX
523 1309 647 1358 Vir-ra
664 1307 673 1335 ‘
686 1307 727 1356 Ita
738 1307 819 1356 editio
831 1307 949 1370 princepe
962 1307 1079 1370 aliaeque.
1095 1305 1125 1354 In
1135 1305 1186 1354 Ma.
1196 1305 1261 1368 Rag.

174 1378 196 1423 l.
209 1373 328 1422 CCCLX
332 1373 391 1424 VII.
403 1374 463 1423 oritl.
473 1388 535 1436 puer.
564 1372 641 1424 erod
652 1371 741 1420 melina
751 1379 823 1434 puto.
836 1371 935 1419 Pliniue
946 1371 1012 1418 enim
1030 1367 1098 1418 intra
1108 1382 1145 1418 vr.
1158 1373 1198 1418 38.
1209 1370 1261 1419 ait:

169 1438 178 1465 ‘
193 1436 288 1487 Africae
306 1437 425 1498 latitudo,
437 1451 487 1501 que
496 1435 727 1548 colitur,nus2]uarn
736 1435 848 1484 ducenta
858 1435 1042 1498 qulnquaginta
1055 1434 1133 1482 millia
1143 1447 1261 1496 paeonum

171 1501 307 1551 excedit.”
324 1502 432 1550 Brotler.
460 1501 542 1550 Codd.
556 1500 644 1551 natac.
677 1497 738 1547 lriffl.
750 1508 776 1547 et
792 1500 873 1547 Tolet.
887 1497 1097 1547 CCCLXXXII.
1107 1497 1165 1546 mill.
1175 1511 1238 1560 poor.

206 1567 272 1616 Car.
284 1578 317 1614 rr.
334 1570 347 1615 1
367 1567 426 1616 Ver.
437 1565 524 1615 Dalee.
535 1569 562 1614 et
570 1564 612 1613 ed.
624 1565 711 1612 Parm.
719 1563 932 1626 papilionum-a
948 1563 1008 1612 ‘Ite
1020 1561 1166 1611 beneoodd.
1178 1561 1262 1626 Begg-

658 1691 770 1742 NOTAE

172 1790 269 1841 loanm'
280 1799 356 1841 vocat
367 1790 459 1841 vietor
473 1791 596 1853 Vitenala,
606 1789 650 1840 lib.
663 1803 694 1838 ιι.
734 1789 759 1837 in
780 1787 926 1851 Exaerptir‚
939 1801 964 1850 p.
986 1788 1043 1836 m.
1061 1791 1089 1835 et
1102 1783 1213 1848 Appian.
1232 1785 1260 1836 in

171 1867 205 1915 de
217 1866 322 1916 Perseo.
333 1863 417 1915 Atrio.
429 1881 487 1930 pag.
497 1871 538 1916 21.
549 1867 694 1916 Cirtenaem
733 1863 824 1912 Punic.
846 1877 872 1926 p.
894 1864 935 1911 dt.
967 1861 1068 1912 Gracia
1079 1859 1260 1911 ’Μασσινίσσας

171 1941 310 2005 quideme
323 1941 394 1990 Cirta
410 1941 490 2002 Iulia,
505 1941 631 1991 Numidia
644 1955 694 1990 me·
734 1937 838 1987 dicitur.

171 2016 275 2079 tropoli,
293 2015 326 2065 de
345 2031 396 2080 qua
414 2029 473 2065 mox
491 2015 695 2078 dicetur‚prope
765 2011 964 2074 Ι’Μιίιςυιιίέιη
989 2012 1181 2072 Hermiona
1202 2011 1260 2063 Me·

172 2089 240 2152 ripae
256 2089 394 2154 Ampaaga
412 2091 507 2155 potita.
539 2090 625 2140 Hodie
638 2090 696 2150 Saf-
734 2089 839 2152 tagonio
859 2089 1043 2152 promontorio,
1063 2087 1096 2135 da
1117 2101 1167 2151 quo
1188 2089 1260 2139 Mela

163 2165 271 2226 sagrada,
289 2164 385 2228 aliquot
405 2165 515 2214 millibus
535 2180 603 2228 paea.
618 2181 634 2215 a
650 2165 696 2215 Gi·
735 2163 851 2226 proxima
863 2161 990 2222 laudetur,
1000 2161 1260 2225 urrantumlibetlloa-

171 2241 275 2303 geriano
286 2241 382 2303 oppido
394 2255 482 2290 verane
494 2249 587 2291 ortum.
726 2240 788 2288 ‘elur
808 2236 962 2300 refragetur,
979 2236 1089 2285 omem.
1106 2236 1132 2284 in
1153 2237 1259 2301 Melam,

203 2323 215 2352 ⁶
232 2315 303 2365 Abest
314 2331 329 2364 o
342 2317 463 2379 Cotoneo]
479 2319 562 2366 Tenea.
735 2327 762 2376 p.
774 2317 816 2362 Ἠ.
834 2311 951 2375 Hippani
961 2311 1041 2374 Regio
1053 2309 1188 2361 finitimum
1198 2314 1260 2362 illud

202 2389 215 2424 ι
233 2391 410 2454 cccrum]
427 2392 469 2440 ιιι
480 2379 628 2456 aegeon.
640 2396 696 2443 aa.
734 2392 793 2438 en:
811 2389 992 2453 geminumque
1009 2387 1046 2438 rur
1063 2401 1174 2438 nomen:
1201 2403 1260 2438 nem

173 2463 256 2515 chiffl.
274 2475 301 2515 et
317 2467 461 2516 Martlanur
478 2469 543 2531 ipae.
575 2468 606 2516 ln
624 2468 696 2518 libuit
733 2464 815 2530 ram
823 2471 929 2514 vocatur
940 2464 1097 2527 astrauone,
1104 2473 1130 2513 et
1138 2465 1261 2514 Maariliae

171 2539 335 2603 adulterante,
347 2542 532 2593 CCXXXIII.
734 2541 881 2605 oppoaitnur
903 2541 1012 2590 dicimur
1045 2540 1122 2589 lrodle
1149 2541 1213 2604 Cape
1234 2541 1261 2590 di

204 2622 215 2649 ⁸
233 2616 331 2679 Deciee]
359 2613 416 2667 Hoc
432 2625 483 2678 eat,
501 2618 589 2667 deelea
607 2624 696 2668 oente-
734 2619 817 2668 Ferro.
840 2618 983 2668 Ptolemaeo
992 2629 1031 2665 rr.
1041 2619 1066 2664 8.
1082 2615 1171 2678 Τρητὸν
1182 2615 1259 2681 ἄκρον.

171 2705 241 2748 num,
252 2701 279 2741 et
292 2693 400 2755 triginta
411 2707 501 2742 norem
511 2694 617 2742 millium
629 2708 697 2757 para.
734 2693 869 2742 Direraum
885 2695 961 2756 plane
976 2707 991 2742 a
1004 2693 1153 2756 Metagonio
1170 2694 1260 2742 Ptole·

170 2766 238 2815 Vide
252 2767 334 2816 Notae
346 2775 373 2816 et
385 2768 493 2816 Emend.
505 2783 572 2817 nurn.
582 2773 608 2816 I.
734 2769 792 2816 mai
805 2777 832 2817 et
842 2768 986 2826 Strabonis,
996 2766 1064 2831 quod
1081 2772 1121 2816 eat
1139 2765 1164 2816 i'n
1181 2781 1260 2830 regno

204 2839 402 2905 furnulum]
418 2843 645 2907 laeuotiommap.
656 2847 697 2893 au.
737 2845 799 2907 Fen,
816 2844 896 2908 jurata
913 2849 1025 2893 montem
1044 2842 1165 2906 Abylam,
1183 2843 1260 2908 eique

172 2929 230 2978 pag.
241 2919 282 2965 48.
301 2917 423 2966 Numidia
432 2919 530 2967 acilicet
541 2933 696 2984 nova‚quarn
735 2933 836 2979 nomeu,
849 2919 913 2967 Cotto
922 2921 952 2967 de
964 2925 1013 2967 trra
1025 2918 1120 2968 Feretro.

170 2992 218 3040 rub
239 2989 336 3042 Africa
365 2994 466 3057 proprie
492 2993 568 3044 dieta
595 2995 697 3044 nonrlne
765 2993 914 3058 ¹Nruaido]
937 2994 1049 3054 Batinna,
1064 2991 1260 3059 etMartiauna‚

172 3066 243 3115 Mela
260 3067 392 3124 detorrbit,
409 3082 428 3117 r.
445 3073 471 3117 I.
490 3083 547 3118 oum
564 3069 696 3130 Numidia,
734 3072 782 3123 loo.
793 3072 839 3122 eit.
851 3070 997 3132 dalmatino,
1010 3070 1036 3118 tn
1053 3069 1121 3118 bello
1136 3068 1258 3133 Iugurtlr.

172 3142 245 3204 eujua
261 3143 330 3192 Mela
347 3145 471 3201 meminit,
482 3158 497 3193 a
508 3144 632 3194 Mulucha
643 3158 697 3192 am·
734 3151 840 3211 paguo.
851 3145 884 3195 de
896 3145 992 3196 Africa
1004 3144 1110 3195 ineolir:
1128 3144 1182 3195 ‘ili
1200 3145 1259 3210 quia

172 3231 205 3267 na
227 3217 259 3266 ad
274 3218 427 3281 Ampsagam
449 3233 529 3282 neque
552 3221 695 3282 pertineat:
733 3236 803 3285 aape
816 3229 946 3271 tentantes
957 3234 1042 3284 agros,
1053 3220 1104 3270 alla
1115 3219 1258 3271 deindeat·

172 3305 247 3354 qnam
267 3293 315 3341 aab
338 3295 502 3342 Mauritaniae
529 3293 697 3344 Cetarienaia
733 3310 784 3359 qaue
808 3296 857 3344 alia
878 3296 933 3344 toea
951 3295 1106 3358 periurant,
1124 3295 1258 3358 semetipsi

172 3367 276 3416 nomine
290 3367 387 3416 Plluiua
398 3370 547 3429 complexus
558 3375 608 3417 eet.
630 3369 698 3416 Ver·
735 3369 863 3418 Numidae
878 3369 1051 3431 appellavere.
1083 3369 1202 3417 Ceterum
1213 3368 1259 3417 ad·

173 3443 206 3492 ba
215 3443 271 3492 trae
284 3443 420 3504 Pomponii
431 3450 508 3492 aunt:
530 3444 628 3506 ‘Regio
639 3457 697 3507 quae
734 3444 784 3492 true
797 3441 905 3491 edificia
922 3442 1093 3492 Numidarum
1110 3444 1259 3504 agreatinm,

171 3519 287 3583 nequitur
312 3530 326 3565 a
349 3517 522 3579 promontorio
548 3518 696 3581 Metagonio
735 3531 792 3582 quta
803 3517 915 3580 mapalia
929 3517 965 3566 uu
976 3525 1080 3579 vocant,
1090 3517 1209 3580 oblonga,
1220 3517 1259 3567 in-

172 3595 205 3643 ad
222 3607 279 3642 area
297 3592 478 3656 Philaenorum,
489 3595 592 3656 proprie
604 3607 696 3643 nornen
735 3593 821 3642 currit
834 3593 957 3643 lateribus
975 3599 1055 3655 tecta,
1070 3591 1141 3654 quati
1155 3595 1257 3644 nauium

172 3667 269 3719 Africa
282 3676 399 3730 uaurpat.
432 3667 463 3716 In
478 3682 509 3715 ea
520 3674 580 3717 aunt
591 3667 697 3730 oppida,
736 3668 829 3717 canna
839 3666 915 3716 auotI

173 3747 264 3808 Hippo
285 3744 428 3807 Reginam
445 3742 583 3806 Rnaioade,
600 3749 627 3792 et
645 3741 696 3792 Ta·
765 3740 775 3784 l
803 3741 931 3805 Nomndra]
957 3740 1070 3804 Nondum.
1109 3742 1153 3793 Sic
1174 3741 1259 3793 diotae

173 3819 267 3871 beroa!
736 3817 829 3868 Featru
840 3817 979 3877 extolloret,
991 3819 1058 3881 qnod
1076 3817 1100 3866 id
1118 3831 1198 3881 genna
1213 3819 1258 3868 tro·

203 3893 393 3956 rMunr'er'eaoe]
417 3892 487 3944 odio
500 3893 619 3956 primurn,
636 3907 696 3942 mox
736 3895 832 3944 minum
853 3893 988 3958 pecoribur
1009 3895 1174 3958 negotietur:
1203 3896 1258 3952 aiae

173 3971 285 4020 amicitia
303 3971 390 4034 populi
407 3969 480 4019 Rom.
500 3979 528 4018 et
544 3968 595 4018 tide
612 3970 696 4018 olarna
736 3970 804 4035 quod
831 3971 926 4032 herbia,
953 3979 982 4019 nt
1015 3984 1118 4033 pecore,
1149 3969 1259 4018 aluntur.

172 4045 231 4095 tuit.
264 4045 421 4106 Numidiam,
440 4051 500 4093 anta
518 4057 563 4092 one
580 4049 696 4107 tempora
736 4045 809 4096 Dteti
828 4047 920 4109 potina,
935 4045 1004 4110 quod
1022 4052 1171 4108 permutant
1188 4045 1259 4108 pale·

173 4121 249 4183 plane
271 4121 393 4183 aterilem,
415 4121 483 4169 omni
504 4117 606 4180 trogum
627 4118 696 4168 Iruo·
735 4122 906 4178 inmortuae
926 4119 1006 4180 νομήν.
1039 4119 1108 4169 Vide
1129 4119 1212 4171 Notae
1232 4129 1259 4172 et

174 4205 295 4266 tuumque
313 4211 406 4260 genere
421 4195 533 4246 Iertllern
550 4195 621 4244 cultu
639 4195 695 4244 red·
737 4197 845 4248 Emend.
857 4211 923 4246 nuru.
936 4201 959 4247 8.

173 4271 249 4323 didit.
276 4275 343 4323 Vide
355 4273 387 4322 de
399 4289 431 4323 eo
442 4275 516 4336 ptura
527 4274 594 4338 apud
607 4275 697 4338 Polyb.

237 4353 358 4417 Delplmt
372 4355 502 4405 Vur.Ctut.
667 4355 769 4406 Pilatus.
1144 4349 1190 4400 Ιῐ
1214 4343 1218 4348 ’
